@ARTICLE{2018-TOG-SFV,
  AUTHOR = {Peng, Xue Bin and Kanazawa, Angjoo and Malik, Jitendra and Abbeel, Pieter and Levine, Sergey},
  LOCATION = {New York, NY, USA},
  PUBLISHER = {ACM},
  DATE = {2018},
  JOURNALTITLE = {ACM Trans. Graph.},
  KEYWORDS = {computer vision,motion reconstruction,physics-based character animation,reinforcement learning,video imitation},
  NUMBER = {6},
  TITLE = {{SFV: Reinforcement Learning of Physical Skills from Videos}},
  VOLUME = {37},
}

@INPROCEEDINGS{Albanie2018EmotionWild,
  AUTHOR = {Albanie, Samuel and Nagrani, Arsha and Vedaldi, Andrea and Zisserman, Andrew},
  PUBLISHER = {Association for Computing Machinery, Inc},
  BOOKTITLE = {MM 2018 - Proceedings of the 2018 ACM Multimedia Conference},
  DATE = {2018-10},
  DOI = {10.1145/3240508.3240578},
  ISBN = {9781450356657},
  KEYWORDS = {Cross-modal transfer,Speech emotion recognition},
  PAGES = {292--301},
  TITLE = {{Emotion recognition in speech using cross-modal transfer in the wild}},
}

@ARTICLE{Alderson2015AFuture,
  AUTHOR = {Alderson, J.},
  PUBLISHER = {Elsevier BV},
  DATE = {2015-12},
  DOI = {10.1016/j.jsams.2015.12.192},
  ISSN = {14402440},
  JOURNALTITLE = {Journal of Science and Medicine in Sport},
  PAGES = {e79},
  TITLE = {{A markerless motion capture technique for sport performance analysis and injury prevention: Toward a ‘big data’, machine learning future}},
  VOLUME = {19},
}

@MISC{alphastarblog,
  AUTHOR = {Vinyals, Oriol and Babuschkin, Igor and Chung, Junyoung and Mathieu, Michael and Jaderberg, Max and Czarnecki, Wojciech M and Dudzik, Andrew and Huang, Aja and Georgiev, Petko and Powell, Richard and Ewalds, Timo and Horgan, Dan and Kroiss, Manuel and Danihelka, Ivo and Agapiou, John and Oh, Junhyuk and Dalibard, Valentin and Choi, David and Sifre, Laurent and Sulsky, Yury and Vezhnevets, Sasha and Molloy, James and Cai, Trevor and Budden, David and Paine, Tom and Gulcehre, Caglar and Wang, Ziyu and Pfaff, Tobias and Pohlen, Toby and Wu, Yuhuai and Yogatama, Dani and Cohen, Julia and McKinney, Katrina and Smith, Oliver and Schaul, Tom and Lillicrap, Timothy and Apps, Chris and Kavukcuoglu, Koray and Hassabis, Demis and Silver, David},
  DATE = {2019},
  HOWPUBLISHED = {{\textbackslash}url{\{}https://deepmind.com/blog/alphastar-mastering-real-time-strategy-game-starcraft-ii/\}},
  TITLE = {{AlphaStar: Mastering the Real-Time Strategy Game StarCraft II}},
}

@ARTICLE{article,
  AUTHOR = {Li, Linhao and Wang, Ping and Hu, Qinghua and Cai, Sijia},
  DATE = {2014-01},
  DOI = {10.1109/TCSVT.2014.2380195},
  JOURNALTITLE = {IEEE Transactions on Circuits and Systems for Video Technology},
  PAGES = {1--1},
  TITLE = {Efficient Background Modeling Based on Sparse Representation and Outlier Iterative Removal},
  VOLUME = {26},
}

@ARTICLE{athowusing,
  AUTHOR = {Athow, Stephanie and McGough, Jeff},
  TITLE = {Using Computer Vision to Assist the Scoring of Modern Fencing},
}

@ARTICLE{Aytar2017SeeRepresentations,
  AUTHOR = {Aytar, Yusuf and Vondrick, Carl and Torralba, Antonio},
  URL = {http://arxiv.org/abs/1706.00932},
  DATE = {2017-06},
  TITLE = {{See, Hear, and Read: Deep Aligned Representations}},
}

@INPROCEEDINGS{aytar2018playing,
  AUTHOR = {Aytar, Yusuf and Pfaff, Tobias and Budden, David and Paine, Thomas and Wang, Ziyu and de Freitas, Nando},
  BOOKTITLE = {Advances in Neural Information Processing Systems},
  DATE = {2018},
  PAGES = {2930--2941},
  TITLE = {{Playing hard exploration games by watching youtube}},
}

@ARTICLE{bagnall2017great,
  AUTHOR = {Bagnall, Anthony and Lines, Jason and Bostrom, Aaron and Large, James and Keogh, Eamonn},
  PUBLISHER = {Springer},
  DATE = {2017},
  JOURNALTITLE = {Data Mining and Knowledge Discovery},
  NUMBER = {3},
  PAGES = {606--660},
  TITLE = {{The great time series classification bake off: a review and experimental evaluation of recent algorithmic advances}},
  VOLUME = {31},
}

@INPROCEEDINGS{balduzzi2018re,
  AUTHOR = {Balduzzi, David and Tuyls, Karl and Perolat, Julien and Graepel, Thore},
  BOOKTITLE = {Advances in Neural Information Processing Systems},
  DATE = {2018},
  PAGES = {3268--3279},
  TITLE = {{Re-evaluating evaluation}},
}

@ARTICLE{bansal2017emergent,
  AUTHOR = {Bansal, Trapit and Pachocki, Jakub and Sidor, Szymon and Sutskever, Ilya and Mordatch, Igor},
  DATE = {2017},
  JOURNALTITLE = {arXiv preprint arXiv:1710.03748},
  TITLE = {{Emergent complexity via multi-agent competition}},
}

@ARTICLE{Bednarski2018UseDiagnosis,
  AUTHOR = {Bednarski, Radosław and Bielak, Adrianna},
  DATE = {2018-01},
  ISSN = {1507-0360},
  JOURNALTITLE = {Journal of Applied Computer Science},
  KEYWORDS = {diagnostics,diagnostyka,knee injury,knee joint,kontuzja kolana,motion capture,przechwytywanie ruchu,staw kolanowy},
  PAGES = {7},
  TITLE = {{Use of motion capture in assisted of knee ligament injury diagnosis}},
  VOLUME = {26},
}

@BOOK{bishop2006pattern,
  AUTHOR = {Bishop, Christopher M},
  PUBLISHER = {springer},
  DATE = {2006},
  TITLE = {Pattern recognition and machine learning},
}

@ARTICLE{boydalternating,
  AUTHOR = {Boyd, S},
  TITLE = {Alternating Direction Method of Multipliers},
}

@ARTICLE{brown2007automatic,
  AUTHOR = {Brown, Matthew and Lowe, David G},
  PUBLISHER = {Springer},
  DATE = {2007},
  JOURNALTITLE = {International journal of computer vision},
  NUMBER = {1},
  PAGES = {59--73},
  TITLE = {Automatic panoramic image stitching using invariant features},
  VOLUME = {74},
}

@BOOK{Chatelin2012EigenvaluesEdition,
  AUTHOR = {Chatelin, F},
  URL = {https://epubs.siam.org/doi/pdf/10.1137/1.9781611972467.bm},
  DATE = {2012},
  TITLE = {{Eigenvalues of Matrices: Revised Edition}},
}

@ARTICLE{Chawla2017ClassificationData,
  AUTHOR = {Chawla, Sanjay and Estephan, Joël and Gudmundsson, Joachim and Horton, Michael},
  PUBLISHER = {Association for Computing Machinery},
  DATE = {2017-07},
  DOI = {10.1145/3105576},
  ISSN = {23740361},
  JOURNALTITLE = {ACM Transactions on Spatial Algorithms and Systems},
  KEYWORDS = {Classification,Computational geometry,Feature engineering,Spatial algorithms,Supervised learning},
  NUMBER = {2},
  TITLE = {{Classification of passes in football matches using spatiotemporal data}},
  VOLUME = {3},
}

@INPROCEEDINGS{Ciresan2013MitosisNetworks,
  AUTHOR = {Cire{ş}an, Dan C. and Giusti, Alessandro and Gambardella, Luca M. and Schmidhuber, Jürgen},
  BOOKTITLE = {Lecture Notes in Computer Science (including subseries Lecture Notes in Artificial Intelligence and Lecture Notes in Bioinformatics)},
  DATE = {2013},
  DOI = {10.1007/978-3-642-40763-5{\_}51},
  ISBN = {9783642407628},
  ISSN = {03029743},
  NUMBER = {PART 2},
  PAGES = {411--418},
  TITLE = {{Mitosis detection in breast cancer histology images with deep neural networks}},
  VOLUME = {8150 LNCS},
}

@ARTICLE{decroos2018actions,
  AUTHOR = {Decroos, Tom and Bransen, Lotte and Van Haaren, Jan and Davis, Jesse},
  DATE = {2018},
  JOURNALTITLE = {arXiv preprint arXiv:1802.07127},
  TITLE = {{Actions speak louder than goals: Valuing player actions in soccer}},
}

@ARTICLE{Delahunt2006ChangesJump,
  AUTHOR = {Delahunt, Eamonn and Monaghan, Kenneth and Caulfield, Brian},
  DATE = {2006-10},
  DOI = {10.1002/jor.20235},
  ISSN = {07360266},
  JOURNALTITLE = {Journal of Orthopaedic Research},
  KEYWORDS = {Ankle instability,EMG,Kinematics,Kinetics},
  NUMBER = {10},
  PAGES = {1991--2000},
  TITLE = {{Changes in lower limb kinematics, kinetics, and muscle activity in subjects with functional instability of the ankle joint during a single leg drop jump}},
  VOLUME = {24},
}

@ARTICLE{deng2013time,
  AUTHOR = {Deng, Houtao and Runger, George and Tuv, Eugene and Vladimir, Martyanov},
  PUBLISHER = {Elsevier},
  DATE = {2013},
  JOURNALTITLE = {Information Sciences},
  PAGES = {142--153},
  TITLE = {{A time series forest for classification and feature extraction}},
  VOLUME = {239},
}

@ARTICLE{Deng2019RetinaFace:Wild,
  AUTHOR = {Deng, Jiankang and Guo, Jia and Zhou, Yuxiang and Yu, Jinke and Kotsia, Irene and Zafeiriou, Stefanos},
  URL = {http://arxiv.org/abs/1905.00641},
  DATE = {2019-05},
  TITLE = {{RetinaFace: Single-stage Dense Face Localisation in the Wild}},
}

@ARTICLE{Earp2019FaceLandmarks,
  AUTHOR = {Earp, Samuel W. F. and Noinongyao, Pavit and Cairns, Justin A. and Ganguly, Ankush},
  URL = {http://arxiv.org/abs/1912.00596},
  DATE = {2019-12},
  TITLE = {{Face Detection with Feature Pyramids and Landmarks}},
}

@INPROCEEDINGS{erickson2014global,
  AUTHOR = {Erickson, Graham Kurtis Stephen and Buro, Michael},
  BOOKTITLE = {Tenth Artificial Intelligence and Interactive Digital Entertainment Conference},
  DATE = {2014},
  TITLE = {{Global state evaluation in StarCraft}},
}

@ARTICLE{espeholt2018impala,
  AUTHOR = {Espeholt, Lasse and Soyer, Hubert and Munos, Remi and Simonyan, Karen and Mnih, Volodymir and Ward, Tom and Doron, Yotam and Firoiu, Vlad and Harley, Tim and Dunning, Iain and others},
  DATE = {2018},
  JOURNALTITLE = {arXiv preprint arXiv:1802.01561},
  TITLE = {{Impala: Scalable distributed deep-rl with importance weighted actor-learner architectures}},
}

@ARTICLE{fawaz2019deep,
  AUTHOR = {Fawaz, Hassan Ismail and Forestier, Germain and Weber, Jonathan and Idoumghar, Lhassane and Muller, Pierre-Alain},
  PUBLISHER = {Springer},
  DATE = {2019},
  JOURNALTITLE = {Data Mining and Knowledge Discovery},
  NUMBER = {4},
  PAGES = {917--963},
  TITLE = {{Deep learning for time series classification: a review}},
  VOLUME = {33},
}

@ARTICLE{fawaz2019dreamtime,
  AUTHOR = {Fawaz, Hassan Ismail and Lucas, Benjamin and Forestier, Germain and Pelletier, Charlotte and Schmidt, Daniel F and Weber, Jonathan and Webb, Geoffrey I and Idoumghar, Lhassane and Muller, Pierre-Alain and Petitjean, François},
  DATE = {2019},
  JOURNALTITLE = {arXiv preprint arXiv:1909.04939},
  TITLE = {{DreamTime: Finding AlexNet for Time Series Classification}},
}

@ARTICLE{Fawcett2006AnAnalysis,
  AUTHOR = {Fawcett, Tom},
  DATE = {2006},
  DOI = {10.1016/j.patrec.2005.10.010},
  ISSN = {01678655},
  JOURNALTITLE = {Pattern Recognition Letters},
  KEYWORDS = {Classifier evaluation,Evaluation metrics,ROC analysis},
  TITLE = {{An introduction to ROC analysis}},
}

@INPROCEEDINGS{fernandez2018wide,
  AUTHOR = {Fernandez, Javier and Barcelona, F and Bornn, Luke},
  TITLE = {{Wide Open Spaces: A statistical technique for measuring space creation in professional soccer}},
}

@INPROCEEDINGS{fernandez2019decomposing,
  AUTHOR = {Fern{á}ndez, Javier and Barcelona, F C and Bornn, Luke and Cervone, Dan},
  ORGANIZATION = {MIT Sloan Sports Analytics Conference, URL http://www. sloansportsconference{\~}{\ldots}},
  DATE = {2019},
  TITLE = {{Decomposing the Immeasurable Sport: A deep learning expected possession value framework for soccer}},
}

@ARTICLE{fischler1981random,
  AUTHOR = {Fischler, Martin A and Bolles, Robert C},
  PUBLISHER = {ACM New York, NY, USA},
  DATE = {1981},
  JOURNALTITLE = {Communications of the ACM},
  NUMBER = {6},
  PAGES = {381--395},
  TITLE = {Random sample consensus: a paradigm for model fitting with applications to image analysis and automated cartography},
  VOLUME = {24},
}

@INPROCEEDINGS{foerster2018counterfactual,
  AUTHOR = {Foerster, Jakob N and Farquhar, Gregory and Afouras, Triantafyllos and Nardelli, Nantas and Whiteson, Shimon},
  BOOKTITLE = {Thirty-Second AAAI Conference on Artificial Intelligence},
  DATE = {2018},
  TITLE = {{Counterfactual multi-agent policy gradients}},
}

@ARTICLE{Fransz2014HowTask,
  AUTHOR = {Fransz, Duncan P. and Huurnink, Arnold and Kingma, Idsart and van Die{ë}n, Jaap H.},
  PUBLISHER = {Elsevier Ltd},
  DATE = {2014-09},
  DOI = {10.1016/j.jbiomech.2014.06.019},
  ISSN = {18732380},
  JOURNALTITLE = {Journal of Biomechanics},
  KEYWORDS = {Center of pressure,Dynamic test,Force platform,Ground reaction forces,Postural control},
  NUMBER = {12},
  PAGES = {3248--3253},
  TITLE = {{How does postural stability following a single leg drop jump landing task relate to postural stability during a single leg stance balance task?}},
  VOLUME = {47},
}

@ARTICLE{Fransz2015TimeValues,
  AUTHOR = {Fransz, Duncan P. and Huurnink, Arnold and De Boode, Vosse A. and Kingma, Idsart and Van Die{ë}n, Jaap H.},
  PUBLISHER = {Elsevier},
  DATE = {2015},
  DOI = {10.1016/j.gaitpost.2014.08.018},
  ISSN = {18792219},
  JOURNALTITLE = {Gait and Posture},
  KEYWORDS = {Dynamic test,Force plate,Force platform,Ground reaction forces,Postural control},
  NUMBER = {1},
  PAGES = {63--69},
  TITLE = {{Time to stabilization in single leg drop jump landings: An examination of calculation methods and assessment of differences in sample rate, filter settings and trial length on outcome values}},
  VOLUME = {41},
}

@INPROCEEDINGS{fukui2005face,
  AUTHOR = {Fukui, Kazuhiro and Yamaguchi, Osamu},
  ORGANIZATION = {Springer},
  BOOKTITLE = {Robotics Research. The Eleventh International Symposium},
  DATE = {2005},
  PAGES = {192--201},
  TITLE = {{Face recognition using multi-viewpoint patterns for robot vision}},
}

@ARTICLE{Fukui2015,
  AUTHOR = {Fukui, Kazuhiro and Maki, Atsuto},
  DATE = {2015},
  DOI = {10.1109/TPAMI.2015.2408358},
  ISSN = {01628828},
  JOURNALTITLE = {IEEE Transactions on Pattern Analysis and Machine Intelligence},
  KEYWORDS = {3D object recognition,Subspace method,canonical angles,difference subspace,mutual subspace method},
  NUMBER = {11},
  PAGES = {2164--2177},
  TITLE = {{Difference Subspace and Its Generalization for Subspace-Based Methods}},
  VOLUME = {37},
}

@ARTICLE{Fukui2019DiscriminantSubspace,
  AUTHOR = {Fukui, Kazuhiro and Sogi, Naoya and Kobayashi, Takumi and Xue, Jing-Hao and Maki, Atsuto},
  URL = {http://arxiv.org/abs/1910.13113},
  DATE = {2019-10},
  TITLE = {{Discriminant analysis based on projection onto generalized difference subspace}},
}

@REPORT{FukuiSubspaceMethods,
  AUTHOR = {Fukui, Kazuhiro},
  TITLE = {{Subspace Methods}},
  TYPE = {techreport},
}

@ARTICLE{FukuiThree-dimensionalManifold,
  AUTHOR = {Fukui, Kazuhiro},
  TITLE = {{Three-dimensional Object Recognition via Subspace Representation on a Grassmann Manifold}},
}

@ARTICLE{galway2008machine,
  AUTHOR = {Galway, Leo and Charles, Darryl and Black, Michaela},
  PUBLISHER = {Springer},
  DATE = {2008},
  JOURNALTITLE = {Artificial Intelligence Review},
  NUMBER = {2},
  PAGES = {123--161},
  TITLE = {{Machine learning in digital games: a survey}},
  VOLUME = {29},
}

@ARTICLE{Gao2020,
  AUTHOR = {Gao, Chen and Saraf, Ayush and Huang, Jia-Bin and Kopf, Johannes},
  URL = {http://dx.doi.org/10.1007/978-3-030-58610-2_42},
  DATE = {2020},
  DOI = {10.1007/978-3-030-58610-2_42},
  ISSN = {1611-3349},
  JOURNALTITLE = {Lecture Notes in Computer Science},
  PAGES = {713--729},
  TITLE = {{Flow-edge Guided Video Completion}},
}

@REPORT{GattoOrthogonalRecognition,
  AUTHOR = {Gatto, Bernardo B and Dos Santos, Eulanda M and J{ú}nior, Waldir S S},
  TITLE = {{Orthogonal Hankel Subspaces for Applications in Gesture Recognition}},
  TYPE = {techreport},
}

@INPROCEEDINGS{goldberger2005neighbourhood,
  AUTHOR = {Goldberger, Jacob and Hinton, Geoffrey E and Roweis, Sam T and Salakhutdinov, Ruslan R},
  BOOKTITLE = {Advances in neural information processing systems},
  DATE = {2005},
  PAGES = {513--520},
  TITLE = {{Neighbourhood components analysis}},
}

@MISC{google_ai_blog_2019,
  URL = {https://ai.googleblog.com/2019/06/introducing-google-research-football.html},
  BOOKTITLE = {Google AI Blog},
  DATE = {2019},
  TITLE = {{Introducing Google Research Football: A Novel Reinforcement Learning Environment}},
}

@INPROCEEDINGS{Hamm2008GrassmannLearning,
  AUTHOR = {Hamm, Jihun and Lee, Daniel D},
  URL = {http://repository.upenn.edu/ese_papersURL:http://icml2008.cs.helsinki.fi/index.shtmlURL:http://icml2008.cs.helsinki.fi/index.shtmlThisconferencepaperisavailableatScholarlyCommons:http://repository.upenn.edu/ese_papers/465},
  BOOKTITLE = {Proceedings of the 25th International Conference on Machine Learning},
  DATE = {2008},
  ISBN = {9781605582054},
  PAGES = {376--383},
  TITLE = {{Grassmann discriminant analysis: A unifying view on subspace-based learning}},
}

@ARTICLE{Hargrave2003SubtalarLanding,
  AUTHOR = {Hargrave, Melissa D. and Carcia, Christopher R. and Gansneder, Bruce M. and Shultz, Sandra J.},
  DATE = {2003-01},
  ISSN = {10626050},
  JOURNALTITLE = {Journal of Athletic Training},
  KEYWORDS = {Drop jump,Force absorption,Landing style,Subtalar motion},
  NUMBER = {1},
  PAGES = {18--23},
  TITLE = {{Subtalar pronation does not influence impact forces or rate of loading during a single-leg landing}},
  VOLUME = {38},
}

@ARTICLE{hills2014classification,
  AUTHOR = {Hills, Jon and Lines, Jason and Baranauskas, Edgaras and Mapp, James and Bagnall, Anthony},
  PUBLISHER = {Springer},
  DATE = {2014},
  JOURNALTITLE = {Data Mining and Knowledge Discovery},
  NUMBER = {4},
  PAGES = {851--881},
  TITLE = {{Classification of time series by shapelet transformation}},
  VOLUME = {28},
}

@ARTICLE{Hinton2015DistillingNetwork,
  AUTHOR = {Hinton, Geoffrey and Vinyals, Oriol and Dean, Jeff},
  URL = {http://arxiv.org/abs/1503.02531},
  DATE = {2015-03},
  TITLE = {{Distilling the Knowledge in a Neural Network}},
}

@ARTICLE{hondarnn,
  AUTHOR = {Honda, Yutaro and Kawakami, Rei and Naemura, Takeshi},
  TITLE = {RNN-based Motion Prediction in Competitive Fencing Considering Interaction between Players},
}

@ARTICLE{Huurnink2019TheStudy,
  AUTHOR = {Huurnink, Arnold and Fransz, Duncan P. and Kingma, Idsart and de Boode, Vosse A. and Die{ë}n, Jaap H.van},
  PUBLISHER = {Elsevier B.V.},
  DATE = {2019-09},
  DOI = {10.1016/j.gaitpost.2019.06.015},
  ISSN = {18792219},
  JOURNALTITLE = {Gait and Posture},
  KEYWORDS = {Balance,Drop jump landing,Dynamic testing,Parameters,Postural stability},
  PAGES = {80--85},
  TITLE = {{The assessment of single-leg drop jump landing performance by means of ground reaction forces: A methodological study}},
  VOLUME = {73},
}

@ARTICLE{Igarashi20113DSubspaces,
  AUTHOR = {Igarashi, Yosuke and Fukui, Kazuhiro},
  DATE = {2011},
  DOI = {10.1007/978-3-642-19282-1{\_}46},
  ISBN = {9783642192814},
  ISSN = {03029743},
  JOURNALTITLE = {Lecture Notes in Computer Science (including subseries Lecture Notes in Artificial Intelligence and Lecture Notes in Bioinformatics)},
  NUMBER = {PART 4},
  PAGES = {580--591},
  TITLE = {{3D object recognition based on canonical angles between shape subspaces}},
  VOLUME = {6495 LNCS},
}

@INPROCEEDINGS{Iijima1973THEORYMETHOD.,
  AUTHOR = {Iijima, Taizo and Genchi, Hiroshi and Mori, Kenichi},
  DATE = {1973},
  DOI = {10.1007/978-1-4684-2106-4{\_}22},
  PAGES = {50--56},
  TITLE = {{THEORY OF CHARACTER RECOGNITION BY PATTERN MATCHING METHOD.}},
}

@INPROCEEDINGS{itsuki1995soccer,
  AUTHOR = {Itsuki, Noda},
  ORGANIZATION = {Citeseer},
  BOOKTITLE = {JSAI AI-Symposium 95: Special Session on RoboCup},
  DATE = {1995},
  TITLE = {{Soccer server: a simulator for RoboCup}},
}

@ARTICLE{jaderberg2019human,
  AUTHOR = {Jaderberg, Max and Czarnecki, Wojciech M and Dunning, Iain and Marris, Luke and Lever, Guy and Castaneda, Antonio Garcia and Beattie, Charles and Rabinowitz, Neil C and Morcos, Ari S and Ruderman, Avraham and others},
  PUBLISHER = {American Association for the Advancement of Science},
  DATE = {2019},
  JOURNALTITLE = {Science},
  NUMBER = {6443},
  PAGES = {859--865},
  TITLE = {{Human-level performance in 3D multiplayer games with population-based reinforcement learning}},
  VOLUME = {364},
}

@ARTICLE{jones2004possession,
  AUTHOR = {Jones, P D and James, Nic and Mellalieu, Stephen D},
  PUBLISHER = {Taylor {\&} Francis},
  DATE = {2004},
  JOURNALTITLE = {International Journal of Performance Analysis in Sport},
  NUMBER = {1},
  PAGES = {98--102},
  TITLE = {{Possession as a performance indicator in soccer.}},
  VOLUME = {4},
}

@ARTICLE{jones2011bayesian,
  AUTHOR = {Jones, Richard H},
  PUBLISHER = {Wiley Online Library},
  DATE = {2011},
  JOURNALTITLE = {Statistics in medicine},
  NUMBER = {25},
  PAGES = {3050--3056},
  TITLE = {Bayesian information criterion for longitudinal and clustered data},
  VOLUME = {30},
}

@REPORT{KimExamplesInterpretability,
  AUTHOR = {Kim, Been and Khanna, Rajiv and Koyejo, Oluwasanmi},
  TITLE = {{Examples are not Enough, Learn to Criticize! Criticism for Interpretability}},
  TYPE = {techreport},
}

@REPORT{KiranyazDSurvey,
  AUTHOR = {Kiranyaz, Serkan and Avci, Onur and Abdeljaber, Osama and Ince, Turker and Gabbouj, Moncef and Inman, Daniel J},
  KEYWORDS = {Arrhythmia Detection and Identification,Artificial Neural Networks,Condition Monitoring,Convolutional Neural Networks,Deep Learning,Fault Detection 2,Machine Learning,Structural Health Monitoring},
  TITLE = {{D Convolutional Neural Networks and Applications-A Survey}},
  TYPE = {techreport},
}

@ARTICLE{Knowles2007CostAthletes,
  AUTHOR = {Knowles, S. B. and Marshall, S. W. and Miller, T. and Spicer, R. and Bowling, J. M. and Loomis, D. and Millikan, R. W. and Yang, J. and Mueller, F. O.},
  DATE = {2007-12},
  DOI = {10.1136/ip.2006.014720},
  ISSN = {13538047},
  JOURNALTITLE = {Injury Prevention},
  NUMBER = {6},
  PAGES = {416--421},
  TITLE = {{Cost of injuries from a prospective cohort study of North Carolina high school athletes}},
  VOLUME = {13},
}

@ARTICLE{Kreiss_2019,
  AUTHOR = {Kreiss, Sven and Bertoni, Lorenzo and Alahi, Alexandre},
  PUBLISHER = {IEEE},
  URL = {http://dx.doi.org/10.1109/CVPR.2019.01225},
  DATE = {2019-06},
  DOI = {10.1109/cvpr.2019.01225},
  ISBN = {9781728132938},
  JOURNALTITLE = {2019 IEEE/CVF Conference on Computer Vision and Pattern Recognition (CVPR)},
  TITLE = {PifPaf: Composite Fields for Human Pose Estimation},
}

@ARTICLE{kuhn1955hungarian,
  AUTHOR = {Kuhn, Harold W},
  PUBLISHER = {Wiley Online Library},
  DATE = {1955},
  JOURNALTITLE = {Naval research logistics quarterly},
  NUMBER = {1-2},
  PAGES = {83--97},
  TITLE = {The Hungarian method for the assignment problem},
  VOLUME = {2},
}

@INPROCEEDINGS{lanctot2017unified,
  AUTHOR = {Lanctot, Marc and Zambaldi, Vinicius and Gruslys, Audrunas and Lazaridou, Angeliki and Tuyls, Karl and P{é}rolat, Julien and Silver, David and Graepel, Thore},
  BOOKTITLE = {Advances in Neural Information Processing Systems},
  DATE = {2017},
  PAGES = {4190--4203},
  TITLE = {{A unified game-theoretic approach to multiagent reinforcement learning}},
}

@INPROCEEDINGS{le2017coordinated,
  AUTHOR = {Le, Hoang M and Yue, Yisong and Carr, Peter and Lucey, Patrick},
  ORGANIZATION = {JMLR. org},
  BOOKTITLE = {Proceedings of the 34th International Conference on Machine Learning-Volume 70},
  DATE = {2017},
  PAGES = {1995--2003},
  TITLE = {{Coordinated multi-agent imitation learning}},
}

@ARTICLE{le2017data,
  AUTHOR = {Le, Hoang M and Carr, Peter and Yue, Yisong and Lucey, Patrick},
  DATE = {2017},
  TITLE = {{Data-driven ghosting using deep imitation learning}},
}

@INPROCEEDINGS{lee2016predicting,
  AUTHOR = {Lee, Namhoon and Kitani, Kris M},
  ORGANIZATION = {IEEE},
  BOOKTITLE = {2016 IEEE Winter Conference on Applications of Computer Vision (WACV)},
  DATE = {2016},
  PAGES = {1--9},
  TITLE = {{Predicting wide receiver trajectories in American football}},
}

@INPROCEEDINGS{Li_2019_CVPR,
  AUTHOR = {Li, Maosen and Chen, Siheng and Chen, Xu and Zhang, Ya and Wang, Yanfeng and Tian, Qi},
  BOOKTITLE = {The IEEE Conference on Computer Vision and Pattern Recognition (CVPR)},
  DATE = {2019},
  TITLE = {{Actional-Structural Graph Convolutional Networks for Skeleton-Based Action Recognition}},
}

@ARTICLE{Li2016PowerLSTM,
  AUTHOR = {Li, Yuanlong and Hu, Han and Wen, Yonggang and Zhang, Jun},
  URL = {http://arxiv.org/abs/1608.04171},
  DATE = {2016-08},
  TITLE = {{Power Data Classification: A Hybrid of a Novel Local Time Warping and LSTM}},
}

@ARTICLE{lin1992self,
  AUTHOR = {Lin, Long-Ji},
  PUBLISHER = {Springer},
  DATE = {1992},
  JOURNALTITLE = {Machine learning},
  NUMBER = {3-4},
  PAGES = {293--321},
  TITLE = {{Self-improving reactive agents based on reinforcement learning, planning and teaching}},
  VOLUME = {8},
}

@ARTICLE{lines2015time,
  AUTHOR = {Lines, Jason and Bagnall, Anthony},
  PUBLISHER = {Springer},
  DATE = {2015},
  JOURNALTITLE = {Data Mining and Knowledge Discovery},
  NUMBER = {3},
  PAGES = {565--592},
  TITLE = {{Time series classification with ensembles of elastic distance measures}},
  VOLUME = {29},
}

@INPROCEEDINGS{lines2016hive,
  AUTHOR = {Lines, Jason and Taylor, Sarah and Bagnall, Anthony},
  ORGANIZATION = {IEEE},
  BOOKTITLE = {2016 IEEE 16th international conference on data mining (ICDM)},
  DATE = {2016},
  PAGES = {1041--1046},
  TITLE = {{Hive-cote: The hierarchical vote collective of transformation-based ensembles for time series classification}},
}

@REPORT{LiptonTheInterpretability,
  AUTHOR = {Lipton, Zachary C},
  TITLE = {{The Mythos of Model Interpretability}},
  TYPE = {techreport},
}

@ARTICLE{lowe2004distinctive,
  AUTHOR = {Lowe, David G},
  PUBLISHER = {Springer},
  DATE = {2004},
  JOURNALTITLE = {International journal of computer vision},
  NUMBER = {2},
  PAGES = {91--110},
  TITLE = {Distinctive image features from scale-invariant keypoints},
  VOLUME = {60},
}

@ARTICLE{maaten2008visualizing,
  AUTHOR = {Maaten, Laurens van der and Hinton, Geoffrey},
  DATE = {2008},
  JOURNALTITLE = {Journal of machine learning research},
  NUMBER = {Nov},
  PAGES = {2579--2605},
  TITLE = {Visualizing data using t-SNE},
  VOLUME = {9},
}

@ARTICLE{makris2014neural,
  AUTHOR = {Makris, Stergios and Urgesi, Cosimo},
  PUBLISHER = {Oxford University Press},
  DATE = {2014},
  JOURNALTITLE = {Social cognitive and affective neuroscience},
  NUMBER = {3},
  PAGES = {342--351},
  TITLE = {{Neural underpinnings of superior action prediction abilities in soccer players}},
  VOLUME = {10},
}

@ARTICLE{MALAWSKI20181,
  AUTHOR = {Malawski, Filip and Kwolek, Bogdan},
  URL = {http://www.sciencedirect.com/science/article/pii/S0262885618300635},
  DATE = {2018},
  DOI = {https://doi.org/10.1016/j.imavis.2018.04.005},
  ISSN = {0262-8856},
  JOURNALTITLE = {Image and Vision Computing},
  PAGES = {1--10},
  TITLE = {Recognition of action dynamics in fencing using multimodal cues},
  VOLUME = {75},
}

@ARTICLE{marteau2008time,
  AUTHOR = {Marteau, Pierre-François},
  PUBLISHER = {IEEE},
  DATE = {2008},
  JOURNALTITLE = {IEEE Transactions on Pattern Analysis and Machine Intelligence},
  NUMBER = {2},
  PAGES = {306--318},
  TITLE = {{Time warp edit distance with stiffness adjustment for time series matching}},
  VOLUME = {31},
}

@MISC{Miller2019ExplanationSciences,
  AUTHOR = {Miller, Tim},
  PUBLISHER = {Elsevier B.V.},
  BOOKTITLE = {Artificial Intelligence},
  DATE = {2019-02},
  DOI = {10.1016/j.artint.2018.07.007},
  ISSN = {00043702},
  KEYWORDS = {Explainability,Explainable AI,Explanation,Interpretability,Transparency},
  PAGES = {1--38},
  TITLE = {{Explanation in artificial intelligence: Insights from the social sciences}},
  VOLUME = {267},
}

@ARTICLE{mnih2015human,
  AUTHOR = {Mnih, Volodymyr and Kavukcuoglu, Koray and Silver, David and Rusu, Andrei A and Veness, Joel and Bellemare, Marc G and Graves, Alex and Riedmiller, Martin and Fidjeland, Andreas K and Ostrovski, Georg and others},
  PUBLISHER = {Nature Publishing Group},
  DATE = {2015},
  JOURNALTITLE = {Nature},
  NUMBER = {7540},
  PAGES = {529},
  TITLE = {{Human-level control through deep reinforcement learning}},
  VOLUME = {518},
}

@INPROCEEDINGS{mnih2016asynchronous,
  AUTHOR = {Mnih, Volodymyr and Badia, Adria Puigdomenech and Mirza, Mehdi and Graves, Alex and Lillicrap, Timothy and Harley, Tim and Silver, David and Kavukcuoglu, Koray},
  BOOKTITLE = {International conference on machine learning},
  DATE = {2016},
  PAGES = {1928--1937},
  TITLE = {{Asynchronous methods for deep reinforcement learning}},
}

@BOOK{molnar2019,
  AUTHOR = {Molnar, Christoph},
  DATE = {2019},
  TITLE = {{Interpretable Machine Learning}},
}

@BOOK{Molnar2019InterpretableLearning,
  AUTHOR = {Molnar, C},
  URL = {https://books.google.com/books?hl=en&lr=&id=jBm3DwAAQBAJ&oi=fnd&pg=PP1&ots=EfyU0rBGTZ&sig=wJkQ9IwtsOtr8kA_fDyb44uqupo},
  DATE = {2019},
  TITLE = {{Interpretable machine learning}},
}

@BOOK{moravec1988mind,
  AUTHOR = {Moravec, Hans},
  PUBLISHER = {Harvard University Press},
  DATE = {1988},
  TITLE = {{Mind children: The future of robot and human intelligence}},
}

@ARTICLE{Myer2004RationaleAthletes,
  AUTHOR = {Myer, Gregory D. and Ford, Kevin R. and Hewett, Timothy E.},
  DATE = {2004-10},
  ISSN = {10626050},
  JOURNALTITLE = {Journal of Athletic Training},
  KEYWORDS = {Dynamic knee valgus,Injury-prevention training,Knee injury,Neuromuscular imbalances,Neuromuscular training},
  NUMBER = {4},
  PAGES = {352--364},
  TITLE = {{Rationale and clinical techniques for anterior cruciate ligament injury prevention among female athletes}},
  VOLUME = {39},
}

@INPROCEEDINGS{Nagraniy2017VoxCeleb:Dataset,
  AUTHOR = {Nagraniy, Arsha and Chungy, Joon Son and Zisserman, Andrew},
  URL = {http://arxiv.org/abs/1706.08612},
  BOOKTITLE = {Proceedings of the Annual Conference of the International Speech Communication Association, INTERSPEECH},
  DATE = {2017-06},
  DOI = {10.21437/Interspeech.2017-950},
  ISSN = {19909772},
  KEYWORDS = {Convolutional neural network,Dataset,Large-scale,Speaker identification,Speaker verification},
  PAGES = {2616--2620},
  TITLE = {{VoxCeleb: A large-scale speaker identification dataset}},
  VOLUME = {2017-Augus},
}

@ARTICLE{Nishiyama2005,
  AUTHOR = {Nishiyama, Masashi and Yamaguchi, Osamu and Fukui, Kazuhiro},
  DATE = {2005},
  DOI = {10.1007/11527923{\_}8},
  ISSN = {03029743},
  JOURNALTITLE = {Lecture Notes in Computer Science},
  NUMBER = {December 2015},
  PAGES = {71--80},
  TITLE = {{Face recognition with the multiple constrained mutual subspace method}},
  VOLUME = {3546},
}

@THESIS{nistala2018using,
  AUTHOR = {Nistala, Akhil},
  INSTITUTION = {Massachusetts Institute of Technology},
  DATE = {2018},
  TITLE = {{Using deep learning to understand patterns of player movement in basketball}},
  TYPE = {phdthesis},
}

@ARTICLE{oh2018self,
  AUTHOR = {Oh, Junhyuk and Guo, Yijie and Singh, Satinder and Lee, Honglak},
  DATE = {2018},
  JOURNALTITLE = {arXiv preprint arXiv:1806.05635},
  TITLE = {{Self-imitation learning}},
}

@ARTICLE{opencv_library,
  AUTHOR = {Bradski, G.},
  DATE = {2000},
  JOURNALTITLE = {Dr. Dobb's Journal of Software Tools},
  KEYWORDS = {bibtex-import},
  TITLE = {{The OpenCV Library}},
}

@INPROCEEDINGS{pavllo:videopose3d:2019,
  AUTHOR = {Pavllo, Dario and Feichtenhofer, Christoph and Grangier, David and Auli, Michael},
  BOOKTITLE = {Conference on Computer Vision and Pattern Recognition (CVPR)},
  DATE = {2019},
  TITLE = {{3D human pose estimation in video with temporal convolutions and semi-supervised training}},
}

@ARTICLE{Read2016ConsistencyPlayers,
  AUTHOR = {Read, Paul J. and Oliver, Jon L. and Croix, Mark Ba De Ste and Myer, Gregory D. and Lloyd, Rhodri S.},
  PUBLISHER = {NSCA National Strength and Conditioning Association},
  DATE = {2016-12},
  DOI = {10.1519/JSC.0000000000001438},
  ISSN = {15334295},
  JOURNALTITLE = {Journal of Strength and Conditioning Research},
  KEYWORDS = {Key Words landing force,injury,screening},
  NUMBER = {12},
  PAGES = {3304--3311},
  TITLE = {{Consistency of Field-Based Measures of Neuromuscular Control Using Force-Plate Diagnostics in Elite Male Youth Soccer Players}},
  VOLUME = {30},
}

@ARTICLE{Russell2006SexJump,
  AUTHOR = {Russell, Kyla A. and Palmieri, Riann M. and Zinder, Steven M. and Ingersoll, Christopher D.},
  DATE = {2006-04},
  ISSN = {10626050},
  JOURNALTITLE = {Journal of Athletic Training},
  KEYWORDS = {Anterior cruciate ligament,Biomechanics,Electromyography,Kinematics,Landing},
  NUMBER = {2},
  PAGES = {166--171},
  TITLE = {{Sex differences in valgus knee angle during a single-leg drop jump}},
  VOLUME = {41},
}

@ARTICLE{Russell2006SexJumpb,
  AUTHOR = {Russell, Kyla A. and Palmieri, Riann M. and Zinder, Steven M. and Ingersoll, Christopher D.},
  DATE = {2006-04},
  ISSN = {10626050},
  JOURNALTITLE = {Journal of Athletic Training},
  KEYWORDS = {Anterior cruciate ligament,Biomechanics,Electromyography,Kinematics,Landing},
  NUMBER = {2},
  PAGES = {166--171},
  TITLE = {{Sex differences in valgus knee angle during a single-leg drop jump}},
  VOLUME = {41},
}

@ARTICLE{rusu2015policy,
  AUTHOR = {Rusu, Andrei A and Colmenarejo, Sergio Gomez and Gulcehre, Caglar and Desjardins, Guillaume and Kirkpatrick, James and Pascanu, Razvan and Mnih, Volodymyr and Kavukcuoglu, Koray and Hadsell, Raia},
  DATE = {2015},
  JOURNALTITLE = {arXiv preprint arXiv:1511.06295},
  TITLE = {{Policy distillation}},
}

@INPROCEEDINGS{sakai2019gait,
  AUTHOR = {Sakai, Akinari and Sogi, Naoya and Fukui, Kazuhiro},
  ORGANIZATION = {IEEE},
  BOOKTITLE = {2019 16th International Conference on Machine Vision Applications (MVA)},
  DATE = {2019},
  PAGES = {1--6},
  TITLE = {{Gait Recognition Based on Constrained Mutual Subspace Method with CNN Features}},
}

@REPORT{Sakai2019GaitFeatures,
  AUTHOR = {Sakai, Akinari and Sogi, Naoya and Fukui, Kazuhiro},
  DATE = {2019},
  TITLE = {{Gait Recognition Based on Constrained Mutual Subspace Method with CNN Features}},
  TYPE = {techreport},
}

@ARTICLE{schafer2015boss,
  AUTHOR = {Sch{ä}fer, Patrick},
  PUBLISHER = {Springer},
  DATE = {2015},
  JOURNALTITLE = {Data Mining and Knowledge Discovery},
  NUMBER = {6},
  PAGES = {1505--1530},
  TITLE = {{The BOSS is concerned with time series classification in the presence of noise}},
  VOLUME = {29},
}

@ARTICLE{seethapathi2019movement,
  AUTHOR = {Seethapathi, Nidhi and Wang, Shaofei and Saluja, Rachit and Blohm, Gunnar and Kording, Konrad P},
  DATE = {2019},
  JOURNALTITLE = {arXiv preprint arXiv:1907.10226},
  TITLE = {{Movement science needs different pose tracking algorithms}},
}

@INPROCEEDINGS{seidl2018bhostgusters,
  AUTHOR = {Seidl, Thomas and Cherukumudi, Aditya and Hartnett, Andrew and Carr, Peter and Lucey, Patrick},
  ORGANIZATION = {MIT Sloan Sports Analytics Conference},
  DATE = {2018},
  TITLE = {{Bhostgusters: Realtime Interactive Play Sketching with Synthesized NBA Defenses}},
}

@INPROCEEDINGS{shahroudy2016ntu,
  AUTHOR = {Shahroudy, Amir and Liu, Jun and Ng, Tian-Tsong and Wang, Gang},
  BOOKTITLE = {Proceedings of the IEEE conference on computer vision and pattern recognition},
  DATE = {2016},
  PAGES = {1010--1019},
  TITLE = {{Ntu rgb+ d: A large scale dataset for 3d human activity analysis}},
}

@ARTICLE{Sheets2011KinematicsMethod,
  AUTHOR = {Sheets, Alison L. and Abrams, Geoffrey D. and Corazza, Stefano and Safran, Marc R. and Andriacchi, Thomas P.},
  DATE = {2011-12},
  DOI = {10.1007/s10439-011-0418-y},
  ISSN = {00906964},
  JOURNALTITLE = {Annals of Biomedical Engineering},
  KEYWORDS = {Injuries,Kinematics,Markerless motion capture,Model-based tracking,Serve,Tennis},
  NUMBER = {12},
  PAGES = {3011--3020},
  TITLE = {{Kinematics differences between the flat, kick, and slice serves measured using a markerless motion capture method}},
  VOLUME = {39},
}

@INPROCEEDINGS{si2019attention,
  AUTHOR = {Si, Chenyang and Chen, Wentao and Wang, Wei and Wang, Liang and Tan, Tieniu},
  BOOKTITLE = {Proceedings of the IEEE Conference on Computer Vision and Pattern Recognition},
  DATE = {2019},
  PAGES = {1227--1236},
  TITLE = {{An Attention Enhanced Graph Convolutional LSTM Network for Skeleton-Based Action Recognition}},
}

@ARTICLE{sicilia2019deephoops,
  AUTHOR = {Sicilia, Anthony and Pelechrinis, Konstantinos and Goldsberry, Kirk},
  DATE = {2019},
  JOURNALTITLE = {arXiv preprint arXiv:1902.08081},
  TITLE = {{DeepHoops: Evaluating Micro-Actions in Basketball Using Deep Feature Representations of Spatio-Temporal Data}},
}

@ARTICLE{silver2016mastering,
  AUTHOR = {Silver, David and Huang, Aja and Maddison, Chris J and Guez, Arthur and Sifre, Laurent and Van Den Driessche, George and Schrittwieser, Julian and Antonoglou, Ioannis and Panneershelvam, Veda and Lanctot, Marc and others},
  PUBLISHER = {Nature Publishing Group},
  DATE = {2016},
  JOURNALTITLE = {nature},
  NUMBER = {7587},
  PAGES = {484},
  TITLE = {{Mastering the game of Go with deep neural networks and tree search}},
  VOLUME = {529},
}

@ARTICLE{silver2017mastering,
  AUTHOR = {Silver, David and Schrittwieser, Julian and Simonyan, Karen and Antonoglou, Ioannis and Huang, Aja and Guez, Arthur and Hubert, Thomas and Baker, Lucas and Lai, Matthew and Bolton, Adrian and others},
  PUBLISHER = {Nature Publishing Group},
  DATE = {2017},
  JOURNALTITLE = {Nature},
  NUMBER = {7676},
  PAGES = {354},
  TITLE = {{Mastering the game of go without human knowledge}},
  VOLUME = {550},
}

@ARTICLE{silver2018general,
  AUTHOR = {Silver, David and Hubert, Thomas and Schrittwieser, Julian and Antonoglou, Ioannis and Lai, Matthew and Guez, Arthur and Lanctot, Marc and Sifre, Laurent and Kumaran, Dharshan and Graepel, Thore and others},
  PUBLISHER = {American Association for the Advancement of Science},
  DATE = {2018},
  JOURNALTITLE = {Science},
  NUMBER = {6419},
  PAGES = {1140--1144},
  TITLE = {{A general reinforcement learning algorithm that masters chess, shogi, and Go through self-play}},
  VOLUME = {362},
}

@ARTICLE{Sirinukunwattana2016LocalityImages,
  AUTHOR = {Sirinukunwattana, Korsuk and Raza, Shan E.Ahmed and Tsang, Yee Wah and Snead, David R.J. and Cree, Ian A. and Rajpoot, Nasir M.},
  PUBLISHER = {Institute of Electrical and Electronics Engineers Inc.},
  DATE = {2016-05},
  DOI = {10.1109/TMI.2016.2525803},
  ISSN = {1558254X},
  JOURNALTITLE = {IEEE Transactions on Medical Imaging},
  KEYWORDS = {Convolutional neural network,deep learning,histology image analysis,nucleus detection},
  NUMBER = {5},
  PAGES = {1196--1206},
  TITLE = {{Locality Sensitive Deep Learning for Detection and Classification of Nuclei in Routine Colon Cancer Histology Images}},
  VOLUME = {35},
}

@ARTICLE{Slama2015AccurateManifold,
  AUTHOR = {Slama, Rim and Wannous, Hazem and Daoudi, Mohamed and Srivastava, Anuj},
  PUBLISHER = {Elsevier Ltd},
  DATE = {2015-02},
  DOI = {10.1016/j.patcog.2014.08.011},
  ISSN = {00313203},
  JOURNALTITLE = {Pattern Recognition},
  KEYWORDS = {Classification,Depth images,Grassmann manifold,Human action recognition,Observational latency,Skeleton},
  NUMBER = {2},
  PAGES = {556--567},
  TITLE = {{Accurate 3D action recognition using learning on the Grassmann manifold}},
  VOLUME = {48},
}

@ARTICLE{sogi_fukui_2018,
  AUTHOR = {Sogi, Naoya and Fukui, Kazuhiro},
  DATE = {2018},
  DOI = {10.1109/icpr.2018.8545259},
  JOURNALTITLE = {2018 24th International Conference on Pattern Recognition (ICPR)},
  TITLE = {{Action Recognition Method Based on Sets of Time Warped ARMA Models}},
}

@INPROCEEDINGS{Sogi2018ActionModels,
  AUTHOR = {Sogi, Naoya and Fukui, Kazuhiro},
  PUBLISHER = {Institute of Electrical and Electronics Engineers Inc.},
  BOOKTITLE = {Proceedings - International Conference on Pattern Recognition},
  DATE = {2018-11},
  DOI = {10.1109/ICPR.2018.8545259},
  ISBN = {9781538637883},
  ISSN = {10514651},
  PAGES = {1773--1778},
  TITLE = {{Action Recognition Method Based on Sets of Time Warped ARMA Models}},
  VOLUME = {2018-August},
}

@INPROCEEDINGS{Sogi2018ActionModelsb,
  AUTHOR = {Sogi, Naoya and Fukui, Kazuhiro},
  PUBLISHER = {Institute of Electrical and Electronics Engineers Inc.},
  BOOKTITLE = {Proceedings - International Conference on Pattern Recognition},
  DATE = {2018-11},
  DOI = {10.1109/ICPR.2018.8545259},
  ISBN = {9781538637883},
  ISSN = {10514651},
  PAGES = {1773--1778},
  TITLE = {{Action Recognition Method Based on Sets of Time Warped ARMA Models}},
  VOLUME = {2018-Augus},
}

@INPROCEEDINGS{Sogi2018AFeatures,
  AUTHOR = {Sogi, Naoya and Nakayama, Taku and Fukui, Kazuhiro},
  URL = {http://arxiv.org/abs/1805.12467},
  BOOKTITLE = {Proceedings of the International Joint Conference on Neural Networks},
  DATE = {2018-05},
  DOI = {10.1109/IJCNN.2018.8489151},
  ISBN = {9781509060146},
  KEYWORDS = {Convex cone representation,Image-set based method,Mutual convex cone method},
  TITLE = {{A Method Based on Convex Cone Model for Image-Set Classification with CNN Features}},
  VOLUME = {2018-July},
}

@INPROCEEDINGS{Souza2019ClassificationAnalysis,
  AUTHOR = {Souza, Lincon S. and Gatto, Bernardo B. and Fukui, Kazuhiro},
  PUBLISHER = {Institute of Electrical and Electronics Engineers Inc.},
  BOOKTITLE = {ICASSP, IEEE International Conference on Acoustics, Speech and Signal Processing - Proceedings},
  DATE = {2019-05},
  DOI = {10.1109/ICASSP.2019.8682493},
  ISBN = {9781479981311},
  ISSN = {15206149},
  KEYWORDS = {Bioacoustic signals,Grassmann manifold,tangent singular spectrum analysis},
  PAGES = {351--355},
  TITLE = {{Classification of Bioacoustic Signals with Tangent Singular Spectrum Analysis}},
  VOLUME = {2019-May},
}

@ARTICLE{Souza2020EnhancedRecognition,
  AUTHOR = {Souza, Lincon S. and Gatto, Bernardo B. and Xue, Jing Hao and Fukui, Kazuhiro},
  PUBLISHER = {Elsevier Ltd},
  DATE = {2020-01},
  DOI = {10.1016/j.patcog.2019.107028},
  ISSN = {00313203},
  JOURNALTITLE = {Pattern Recognition},
  KEYWORDS = {Enhanced GDA,Motion recognition,Randomized time warping},
  TITLE = {{Enhanced Grassmann discriminant analysis with randomized time warping for motion recognition}},
  VOLUME = {97},
}

@ARTICLE{Stalbom2007ReliabilityReport,
  AUTHOR = {St{å}lbom, Markus and Holm, David Jonsson and Cronin, John B. and Keogh, Justin W.L.},
  DATE = {2007-06},
  ISSN = {13032968},
  JOURNALTITLE = {Journal of Sports Science and Medicine},
  KEYWORDS = {Assessment,Ground reaction force,Impulse},
  NUMBER = {2},
  PAGES = {261--264},
  TITLE = {{Reliability of kinematics and kinetics associated with Horizontal Single leg drop jump assessment. A brief report}},
  VOLUME = {6},
}

@INPROCEEDINGS{SunXLW19,
  AUTHOR = {Sun, Ke and Xiao, Bin and Liu, Dong and Wang, Jingdong},
  BOOKTITLE = {CVPR},
  DATE = {2019},
  TITLE = {Deep High-Resolution Representation Learning for Human Pose Estimation},
}

@ARTICLE{suryanto2016randomized,
  AUTHOR = {Suryanto, Chendra Hadi and Xue, Jing-Hao and Fukui, Kazuhiro},
  PUBLISHER = {Elsevier},
  DATE = {2016},
  JOURNALTITLE = {Image and Vision Computing},
  PAGES = {1--11},
  TITLE = {{Randomized time warping for motion recognition}},
  VOLUME = {54},
}

@INPROCEEDINGS{sutskever2014sequence,
  AUTHOR = {Sutskever, Ilya and Vinyals, Oriol and Le, Quoc V},
  BOOKTITLE = {Advances in neural information processing systems},
  DATE = {2014},
  PAGES = {3104--3112},
  TITLE = {{Sequence to sequence learning with neural networks}},
}

@ARTICLE{takahashi2020real,
  AUTHOR = {Takahashi, Masaki and Yokozawa, Shinsuke and Mitsumine, Hideki and Itsuki, Tetsuya and Naoe, Masato and Funaki, Satoshi},
  PUBLISHER = {Springer},
  DATE = {2020},
  JOURNALTITLE = {Multimedia Tools and Applications},
  NUMBER = {35},
  PAGES = {26411--26425},
  TITLE = {Real-time visualization of sword trajectories in fencing matches},
  VOLUME = {79},
}

@INPROCEEDINGS{Tang_2018_CVPR,
  AUTHOR = {Tang, Yansong and Tian, Yi and Lu, Jiwen and Li, Peiyang and Zhou, Jie},
  BOOKTITLE = {The IEEE Conference on Computer Vision and Pattern Recognition (CVPR)},
  DATE = {2018},
  TITLE = {{Deep Progressive Reinforcement Learning for Skeleton-Based Action Recognition}},
}

@INPROCEEDINGS{ten2007multi,
  TITLE = {{Multi-dimensional dynamic time warping for gesture recognition}},
}

@ARTICLE{tesauro1995temporal,
  AUTHOR = {Tesauro, Gerald},
  DATE = {1995},
  JOURNALTITLE = {Communications of the ACM},
  NUMBER = {3},
  PAGES = {58--68},
  TITLE = {{Temporal difference learning and TD-Gammon}},
  VOLUME = {38},
}

@INPROCEEDINGS{vaswani2017attention,
  AUTHOR = {Vaswani, Ashish and Shazeer, Noam and Parmar, Niki and Uszkoreit, Jakob and Jones, Llion and Gomez, Aidan N and Kaiser, Łukasz and Polosukhin, Illia},
  BOOKTITLE = {Advances in neural information processing systems},
  DATE = {2017},
  PAGES = {5998--6008},
  TITLE = {{Attention is all you need}},
}

@MISC{vinyals_silver_2019,
  AUTHOR = {Vinyals, Oriol and Silver, David},
  URL = {https://www.reddit.com/r/MachineLearning/comments/ajgzoc/we_are_oriol_vinyals_and_david_silver_from/},
  BOOKTITLE = {reddit},
  DATE = {2019},
  TITLE = {{r/MachineLearning - We are Oriol Vinyals and David Silver from DeepMind's AlphaStar team, joined by StarCraft II pro players TLO and MaNa! Ask us anything}},
}

@INPROCEEDINGS{vinyals2015pointer,
  AUTHOR = {Vinyals, Oriol and Fortunato, Meire and Jaitly, Navdeep},
  BOOKTITLE = {Advances in Neural Information Processing Systems},
  DATE = {2015},
  PAGES = {2692--2700},
  TITLE = {{Pointer networks}},
}

@ARTICLE{vinyals2017starcraft,
  AUTHOR = {Vinyals, Oriol and Ewalds, Timo and Bartunov, Sergey and Georgiev, Petko and Vezhnevets, Alexander Sasha and Yeo, Michelle and Makhzani, Alireza and K{ü}ttler, Heinrich and Agapiou, John and Schrittwieser, Julian and others},
  DATE = {2017},
  JOURNALTITLE = {arXiv preprint arXiv:1708.04782},
  TITLE = {{Starcraft ii: A new challenge for reinforcement learning}},
}

@ARTICLE{Wagner2010KinematicPositions,
  AUTHOR = {Wagner, Herbert and Buchecker, Michael and Von Duvillard, Serge P. and M{ü}ller, Erich},
  PUBLISHER = {Human Kinetics Publishers Inc.},
  DATE = {2010},
  DOI = {10.1123/ijspp.5.4.469},
  ISSN = {15550265},
  JOURNALTITLE = {International Journal of Sports Physiology and Performance},
  KEYWORDS = {Angles,Angular velocities,Ball release speed,Biomechanics,Throwing accuracy,Throwing performance},
  NUMBER = {4},
  PAGES = {469--483},
  TITLE = {{Kinematic comparison of team handball throwing with two different arm positions}},
  VOLUME = {5},
}

@ARTICLE{wang2019comparative,
  AUTHOR = {Wang, Lei and Huynh, Du Q and Koniusz, Piotr},
  DATE = {2019},
  JOURNALTITLE = {arXiv preprint arXiv:1906.09955},
  TITLE = {{A Comparative Review of Recent Kinect-based Action Recognition Algorithms}},
}

@ARTICLE{wang2019deep,
  AUTHOR = {Wang, Jingdong and Sun, Ke and Cheng, Tianheng and Jiang, Borui and Deng, Chaorui and Zhao, Yang and Liu, Dong and Mu, Yadong and Tan, Mingkui and Wang, Xinggang and others},
  DATE = {2019},
  JOURNALTITLE = {arXiv preprint arXiv:1908.07919},
  TITLE = {{Deep high-resolution representation learning for visual recognition}},
}

@ARTICLE{WATANABE1967EvaluationRecognition,
  AUTHOR = {{WATANABE} and {S}},
  PUBLISHER = {Academic Press},
  DATE = {1967},
  JOURNALTITLE = {Computer and Information Science II},
  PAGES = {91--122},
  TITLE = {{Evaluation and Selection of Variables in Pattern Recognition}},
}

@ARTICLE{WIKSTROM2005DetectionInstability,
  AUTHOR = {WIKSTROM, ERIK A. and TILLMAN, MARK D. and BORSA, PAUL A.},
  URL = {https://insights.ovid.com/crossref?an=00005768-200502000-00001},
  DATE = {2005-02},
  DOI = {10.1249/01.MSS.0000149887.84238.6C},
  ISSN = {0195-9131},
  JOURNALTITLE = {Medicine {\&} Science in Sports {\&} Exercise},
  NUMBER = {2},
  PAGES = {169--175},
  TITLE = {{Detection of Dynamic Stability Deficits in Subjects with Functional Ankle Instability}},
  VOLUME = {37},
}

@INPROCEEDINGS{Wojke2018SimpleMetric,
  AUTHOR = {Wojke, Nicolai and Bewley, Alex and Paulus, Dietrich},
  PUBLISHER = {IEEE Computer Society},
  BOOKTITLE = {Proceedings - International Conference on Image Processing, ICIP},
  DATE = {2018-02},
  DOI = {10.1109/ICIP.2017.8296962},
  ISBN = {9781509021758},
  ISSN = {15224880},
  KEYWORDS = {Computer Vision,Data Association,Multiple Object Tracking},
  PAGES = {3645--3649},
  TITLE = {{Simple online and realtime tracking with a deep association metric}},
  VOLUME = {2017-September},
}

@ARTICLE{wold1987principal,
  AUTHOR = {Wold, Svante and Esbensen, Kim and Geladi, Paul},
  PUBLISHER = {Elsevier},
  DATE = {1987},
  JOURNALTITLE = {Chemometrics and intelligent laboratory systems},
  NUMBER = {1-3},
  PAGES = {37--52},
  TITLE = {Principal component analysis},
  VOLUME = {2},
}

@ARTICLE{wright2011factors,
  AUTHOR = {Wright, Craig and Atkins, Steve and Polman, Remco and Jones, Bryan and Sargeson, Lee},
  PUBLISHER = {Taylor {\&} Francis},
  DATE = {2011},
  JOURNALTITLE = {International Journal of Performance Analysis in Sport},
  NUMBER = {3},
  PAGES = {438--449},
  TITLE = {{Factors associated with goals and goal scoring opportunities in professional soccer}},
  VOLUME = {11},
}

@INPROCEEDINGS{yan2018spatial,
  AUTHOR = {Yan, Sijie and Xiong, Yuanjun and Lin, Dahua},
  BOOKTITLE = {Thirty-Second AAAI Conference on Artificial Intelligence},
  DATE = {2018},
  TITLE = {{Spatial temporal graph convolutional networks for skeleton-based action recognition}},
}

@INPROCEEDINGS{Yataka2017Three-dimensionalManifold,
  AUTHOR = {Yataka, Ryoma and Fukui, Kazuhiro},
  PUBLISHER = {SCITEPRESS - Science and Technology Publications},
  URL = {http://www.scitepress.org/DigitalLibrary/Link.aspx?doi=10.5220/0006204702080216},
  BOOKTITLE = {ICPRAM 2017 - Proceedings of the 6th International Conference on Pattern Recognition Applications and Methods},
  DATE = {2017},
  DOI = {10.5220/0006204702080216},
  ISBN = {9789897582226},
  KEYWORDS = {Canonical angles,Grassmann manifold,Mutual subspace method,Subspace representation,Three-dimensional object recognition},
  PAGES = {208--216},
  TITLE = {{Three-dimensional object recognition via subspace representation on a grassmann manifold}},
  VOLUME = {2017-Janua},
}

@INPROCEEDINGS{Yeh_2019_CVPR,
  AUTHOR = {Yeh, Raymond A and Schwing, Alexander G and Huang, Jonathan and Murphy, Kevin},
  BOOKTITLE = {The IEEE Conference on Computer Vision and Pattern Recognition (CVPR)},
  DATE = {2019},
  TITLE = {{Diverse Generation for Multi-Agent Sports Games}},
}

@ARTICLE{Zhang2019RefineFace:Detection,
  AUTHOR = {Zhang, Shifeng and Chi, Cheng and Lei, Zhen and Li, Stan Z.},
  URL = {http://arxiv.org/abs/1909.04376},
  DATE = {2019-09},
  TITLE = {{RefineFace: Refinement Neural Network for High Performance Face Detection}},
}

@ARTICLE{zhang2020fair,
  AUTHOR = {Zhang, Yifu and Wang, Chunyu and Wang, Xinggang and Zeng, Wenjun and Liu, Wenyu},
  DATE = {2020},
  JOURNALTITLE = {arXiv preprint arXiv:2004.01888},
  TITLE = {FairMOT: On the Fairness of Detection and Re-Identification in Multiple Object Tracking},
}

@INPROCEEDINGS{zheng2018unsupervised,
  AUTHOR = {Zheng, Nenggan and Wen, Jun and Liu, Risheng and Long, Liangqu and Dai, Jianhua and Gong, Zhefeng},
  BOOKTITLE = {Thirty-Second AAAI Conference on Artificial Intelligence},
  DATE = {2018},
  TITLE = {{Unsupervised Representation Learning with Long-Term Dynamics for Skeleton Based Action Recognition}},
}

@REPORT{ZhuAData,
  AUTHOR = {Zhu, Rui and Wang, Ziyu and Sogi, Naoya and Fukui, Kazuhiro and Xue, Jing-Hao},
  KEYWORDS = {Index Terms-Classification,convex cone,convex hull,dual analysis,separating hyperplane,subspace},
  TITLE = {{A MANUSCRIPT TO BE SUBMITTED TO IEEE TRANSACTIONS ON NEURAL NETWORKS AND LEARNING SYSTEMS 1 A Novel Separating Hyperplane Classification Framework to Unify Nearest-class-model Methods for High-dimensional Data}},
  TYPE = {techreport},
}

@ARTICLE{knowles2007cost,
  AUTHOR = {Knowles, Sarah B and Marshall, Stephen W and Miller, Tyler and Spicer, R and Bowling, J Michael and Loomis, D and Millikan, RW and Yang, Jingzhen and Mueller, FO},
  PUBLISHER = {BMJ Publishing Group Ltd},
  DATE = {2007},
  JOURNALTITLE = {Injury prevention},
  NUMBER = {6},
  PAGES = {416--421},
  TITLE = {Cost of injuries from a prospective cohort study of North Carolina high school athletes},
  VOLUME = {13},
}

@ARTICLE{myer2004rationale,
  AUTHOR = {Myer, Gregory D and Ford, Kevin R and Hewett, Timothy E},
  PUBLISHER = {National Athletic Trainers Association},
  DATE = {2004},
  JOURNALTITLE = {Journal of athletic training},
  NUMBER = {4},
  PAGES = {352},
  TITLE = {Rationale and clinical techniques for anterior cruciate ligament injury prevention among female athletes},
  VOLUME = {39},
}

@ARTICLE{alderson2015markerless,
  AUTHOR = {Alderson, J},
  PUBLISHER = {Elsevier},
  DATE = {2015},
  JOURNALTITLE = {Journal of Science and Medicine in Sport},
  PAGES = {e79},
  TITLE = {A markerless motion capture technique for sport performance analysis and injury prevention: Toward a ‘big data’, machine learning future},
  VOLUME = {19},
}

@BOOK{chatelin2012,
  AUTHOR = {Chatelin, Françoise},
  LOCATION = {Philadelphia, PA},
  PUBLISHER = {Society for Industrial and Applied Mathematics},
  URL = {https://epubs.siam.org/doi/abs/10.1137/1.9781611972467},
  DATE = {2012},
  DOI = {10.1137/1.9781611972467},
  EPRINT = {https://epubs.siam.org/doi/pdf/10.1137/1.9781611972467},
  TITLE = {Eigenvalues of Matrices},
}

