@inproceedings{pavllo:videopose3d:2019,
    title = {{3D human pose estimation in video with temporal convolutions and semi-supervised training}},
    year = {2019},
    booktitle = {Conference on Computer Vision and Pattern Recognition (CVPR)},
    author = {Pavllo, Dario and Feichtenhofer, Christoph and Grangier, David and Auli, Michael}
}

@article{wang2019comparative,
    title = {{A Comparative Review of Recent Kinect-based Action Recognition Algorithms}},
    year = {2019},
    journal = {arXiv preprint arXiv:1906.09955},
    author = {Wang, Lei and Huynh, Du Q and Koniusz, Piotr}
}

@article{silver2018general,
    title = {{A general reinforcement learning algorithm that masters chess, shogi, and Go through self-play}},
    year = {2018},
    journal = {Science},
    author = {Silver, David and Hubert, Thomas and Schrittwieser, Julian and Antonoglou, Ioannis and Lai, Matthew and Guez, Arthur and Lanctot, Marc and Sifre, Laurent and Kumaran, Dharshan and Graepel, Thore and {others}},
    number = {6419},
    pages = {1140--1144},
    volume = {362},
    publisher = {American Association for the Advancement of Science}
}

@article{deng2013time,
    title = {{A time series forest for classification and feature extraction}},
    year = {2013},
    journal = {Information Sciences},
    author = {Deng, Houtao and Runger, George and Tuv, Eugene and Vladimir, Martyanov},
    pages = {142--153},
    volume = {239},
    publisher = {Elsevier}
}

@inproceedings{lanctot2017unified,
    title = {{A unified game-theoretic approach to multiagent reinforcement learning}},
    year = {2017},
    booktitle = {Advances in Neural Information Processing Systems},
    author = {Lanctot, Marc and Zambaldi, Vinicius and Gruslys, Audrunas and Lazaridou, Angeliki and Tuyls, Karl and P{\'{e}}rolat, Julien and Silver, David and Graepel, Thore},
    pages = {4190--4203}
}

@article{sogi_fukui_2018,
    title = {{Action Recognition Method Based on Sets of Time Warped ARMA Models}},
    year = {2018},
    journal = {2018 24th International Conference on Pattern Recognition (ICPR)},
    author = {Sogi, Naoya and Fukui, Kazuhiro},
    doi = {10.1109/icpr.2018.8545259}
}

@inproceedings{Li_2019_CVPR,
    title = {{Actional-Structural Graph Convolutional Networks for Skeleton-Based Action Recognition}},
    year = {2019},
    booktitle = {The IEEE Conference on Computer Vision and Pattern Recognition (CVPR)},
    author = {Li, Maosen and Chen, Siheng and Chen, Xu and Zhang, Ya and Wang, Yanfeng and Tian, Qi}
}

@article{decroos2018actions,
    title = {{Actions speak louder than goals: Valuing player actions in soccer}},
    year = {2018},
    journal = {arXiv preprint arXiv:1802.07127},
    author = {Decroos, Tom and Bransen, Lotte and Van Haaren, Jan and Davis, Jesse}
}

@misc{alphastarblog,
    title = {{AlphaStar: Mastering the Real-Time Strategy Game StarCraft II}},
    year = {2019},
    author = {Vinyals, Oriol and Babuschkin, Igor and Chung, Junyoung and Mathieu, Michael and Jaderberg, Max and Czarnecki, Wojciech M and Dudzik, Andrew and Huang, Aja and Georgiev, Petko and Powell, Richard and Ewalds, Timo and Horgan, Dan and Kroiss, Manuel and Danihelka, Ivo and Agapiou, John and Oh, Junhyuk and Dalibard, Valentin and Choi, David and Sifre, Laurent and Sulsky, Yury and Vezhnevets, Sasha and Molloy, James and Cai, Trevor and Budden, David and Paine, Tom and Gulcehre, Caglar and Wang, Ziyu and Pfaff, Tobias and Pohlen, Toby and Wu, Yuhuai and Yogatama, Dani and Cohen, Julia and McKinney, Katrina and Smith, Oliver and Schaul, Tom and Lillicrap, Timothy and Apps, Chris and Kavukcuoglu, Koray and Hassabis, Demis and Silver, David},
    howpublished = {{\textbackslash}url{\{}https://deepmind.com/blog/alphastar-mastering-real-time-strategy-game-starcraft-ii/{\}}}
}

@inproceedings{si2019attention,
    title = {{An Attention Enhanced Graph Convolutional LSTM Network for Skeleton-Based Action Recognition}},
    year = {2019},
    booktitle = {Proceedings of the IEEE Conference on Computer Vision and Pattern Recognition},
    author = {Si, Chenyang and Chen, Wentao and Wang, Wei and Wang, Liang and Tan, Tieniu},
    pages = {1227--1236}
}

@inproceedings{mnih2016asynchronous,
    title = {{Asynchronous methods for deep reinforcement learning}},
    year = {2016},
    booktitle = {International conference on machine learning},
    author = {Mnih, Volodymyr and Badia, Adria Puigdomenech and Mirza, Mehdi and Graves, Alex and Lillicrap, Timothy and Harley, Tim and Silver, David and Kavukcuoglu, Koray},
    pages = {1928--1937}
}

@inproceedings{vaswani2017attention,
    title = {{Attention is all you need}},
    year = {2017},
    booktitle = {Advances in neural information processing systems},
    author = {Vaswani, Ashish and Shazeer, Noam and Parmar, Niki and Uszkoreit, Jakob and Jones, Llion and Gomez, Aidan N and Kaiser, Łukasz and Polosukhin, Illia},
    pages = {5998--6008}
}

@inproceedings{seidl2018bhostgusters,
    title = {{Bhostgusters: Realtime Interactive Play Sketching with Synthesized NBA Defenses}},
    year = {2018},
    author = {Seidl, Thomas and Cherukumudi, Aditya and Hartnett, Andrew and Carr, Peter and Lucey, Patrick},
    organization = {MIT Sloan Sports Analytics Conference}
}

@article{hills2014classification,
    title = {{Classification of time series by shapelet transformation}},
    year = {2014},
    journal = {Data Mining and Knowledge Discovery},
    author = {Hills, Jon and Lines, Jason and Baranauskas, Edgaras and Mapp, James and Bagnall, Anthony},
    number = {4},
    pages = {851--881},
    volume = {28},
    publisher = {Springer}
}

@inproceedings{le2017coordinated,
    title = {{Coordinated multi-agent imitation learning}},
    year = {2017},
    booktitle = {Proceedings of the 34th International Conference on Machine Learning-Volume 70},
    author = {Le, Hoang M and Yue, Yisong and Carr, Peter and Lucey, Patrick},
    pages = {1995--2003},
    organization = {JMLR. org}
}

@inproceedings{foerster2018counterfactual,
    title = {{Counterfactual multi-agent policy gradients}},
    year = {2018},
    booktitle = {Thirty-Second AAAI Conference on Artificial Intelligence},
    author = {Foerster, Jakob N and Farquhar, Gregory and Afouras, Triantafyllos and Nardelli, Nantas and Whiteson, Shimon}
}

@article{le2017data,
    title = {{Data-driven ghosting using deep imitation learning}},
    year = {2017},
    author = {Le, Hoang M and Carr, Peter and Yue, Yisong and Lucey, Patrick}
}

@inproceedings{fernandez2019decomposing,
    title = {{Decomposing the Immeasurable Sport: A deep learning expected possession value framework for soccer}},
    year = {2019},
    author = {Fern{\'{a}}ndez, Javier and Barcelona, F C and Bornn, Luke and Cervone, Dan},
    organization = {MIT Sloan Sports Analytics Conference, URL http://www. sloansportsconference{\~{}}{\ldots}}
}

@article{wang2019deep,
    title = {{Deep high-resolution representation learning for visual recognition}},
    year = {2019},
    journal = {arXiv preprint arXiv:1908.07919},
    author = {Wang, Jingdong and Sun, Ke and Cheng, Tianheng and Jiang, Borui and Deng, Chaorui and Zhao, Yang and Liu, Dong and Mu, Yadong and Tan, Mingkui and Wang, Xinggang and {others}}
}

@article{fawaz2019deep,
    title = {{Deep learning for time series classification: a review}},
    year = {2019},
    journal = {Data Mining and Knowledge Discovery},
    author = {Fawaz, Hassan Ismail and Forestier, Germain and Weber, Jonathan and Idoumghar, Lhassane and Muller, Pierre-Alain},
    number = {4},
    pages = {917--963},
    volume = {33},
    publisher = {Springer}
}

@inproceedings{Tang_2018_CVPR,
    title = {{Deep Progressive Reinforcement Learning for Skeleton-Based Action Recognition}},
    year = {2018},
    booktitle = {The IEEE Conference on Computer Vision and Pattern Recognition (CVPR)},
    author = {Tang, Yansong and Tian, Yi and Lu, Jiwen and Li, Peiyang and Zhou, Jie}
}

@article{sicilia2019deephoops,
    title = {{DeepHoops: Evaluating Micro-Actions in Basketball Using Deep Feature Representations of Spatio-Temporal Data}},
    year = {2019},
    journal = {arXiv preprint arXiv:1902.08081},
    author = {Sicilia, Anthony and Pelechrinis, Konstantinos and Goldsberry, Kirk}
}

@article{Fukui2015,
    title = {{Difference Subspace and Its Generalization for Subspace-Based Methods}},
    year = {2015},
    journal = {IEEE Transactions on Pattern Analysis and Machine Intelligence},
    author = {Fukui, Kazuhiro and Maki, Atsuto},
    number = {11},
    pages = {2164--2177},
    volume = {37},
    doi = {10.1109/TPAMI.2015.2408358},
    issn = {01628828},
    keywords = {3D object recognition, Subspace method, canonical angles, difference subspace, mutual subspace method}
}

@inproceedings{Yeh_2019_CVPR,
    title = {{Diverse Generation for Multi-Agent Sports Games}},
    year = {2019},
    booktitle = {The IEEE Conference on Computer Vision and Pattern Recognition (CVPR)},
    author = {Yeh, Raymond A and Schwing, Alexander G and Huang, Jonathan and Murphy, Kevin}
}

@article{fawaz2019dreamtime,
    title = {{DreamTime: Finding AlexNet for Time Series Classification}},
    year = {2019},
    journal = {arXiv preprint arXiv:1909.04939},
    author = {Fawaz, Hassan Ismail and Lucas, Benjamin and Forestier, Germain and Pelletier, Charlotte and Schmidt, Daniel F and Weber, Jonathan and Webb, Geoffrey I and Idoumghar, Lhassane and Muller, Pierre-Alain and Petitjean, François}
}

@article{bansal2017emergent,
    title = {{Emergent complexity via multi-agent competition}},
    year = {2017},
    journal = {arXiv preprint arXiv:1710.03748},
    author = {Bansal, Trapit and Pachocki, Jakub and Sidor, Szymon and Sutskever, Ilya and Mordatch, Igor}
}

@inproceedings{fukui2005face,
    title = {{Face recognition using multi-viewpoint patterns for robot vision}},
    year = {2005},
    booktitle = {Robotics Research. The Eleventh International Symposium},
    author = {Fukui, Kazuhiro and Yamaguchi, Osamu},
    pages = {192--201},
    organization = {Springer}
}

@article{Nishiyama2005,
    title = {{Face recognition with the multiple constrained mutual subspace method}},
    year = {2005},
    journal = {Lecture Notes in Computer Science},
    author = {Nishiyama, Masashi and Yamaguchi, Osamu and Fukui, Kazuhiro},
    number = {December 2015},
    pages = {71--80},
    volume = {3546},
    doi = {10.1007/11527923{\_}8},
    issn = {03029743}
}

@article{wright2011factors,
    title = {{Factors associated with goals and goal scoring opportunities in professional soccer}},
    year = {2011},
    journal = {International Journal of Performance Analysis in Sport},
    author = {Wright, Craig and Atkins, Steve and Polman, Remco and Jones, Bryan and Sargeson, Lee},
    number = {3},
    pages = {438--449},
    volume = {11},
    publisher = {Taylor {\&} Francis}
}

@inproceedings{sakai2019gait,
    title = {{Gait Recognition Based on Constrained Mutual Subspace Method with CNN Features}},
    year = {2019},
    booktitle = {2019 16th International Conference on Machine Vision Applications (MVA)},
    author = {Sakai, Akinari and Sogi, Naoya and Fukui, Kazuhiro},
    pages = {1--6},
    organization = {IEEE}
}

@inproceedings{erickson2014global,
    title = {{Global state evaluation in StarCraft}},
    year = {2014},
    booktitle = {Tenth Artificial Intelligence and Interactive Digital Entertainment Conference},
    author = {Erickson, Graham Kurtis Stephen and Buro, Michael}
}

@inproceedings{lines2016hive,
    title = {{Hive-cote: The hierarchical vote collective of transformation-based ensembles for time series classification}},
    year = {2016},
    booktitle = {2016 IEEE 16th international conference on data mining (ICDM)},
    author = {Lines, Jason and Taylor, Sarah and Bagnall, Anthony},
    pages = {1041--1046},
    organization = {IEEE}
}

@article{mnih2015human,
    title = {{Human-level control through deep reinforcement learning}},
    year = {2015},
    journal = {Nature},
    author = {Mnih, Volodymyr and Kavukcuoglu, Koray and Silver, David and Rusu, Andrei A and Veness, Joel and Bellemare, Marc G and Graves, Alex and Riedmiller, Martin and Fidjeland, Andreas K and Ostrovski, Georg and {others}},
    number = {7540},
    pages = {529},
    volume = {518},
    publisher = {Nature Publishing Group}
}

@article{jaderberg2019human,
    title = {{Human-level performance in 3D multiplayer games with population-based reinforcement learning}},
    year = {2019},
    journal = {Science},
    author = {Jaderberg, Max and Czarnecki, Wojciech M and Dunning, Iain and Marris, Luke and Lever, Guy and Castaneda, Antonio Garcia and Beattie, Charles and Rabinowitz, Neil C and Morcos, Ari S and Ruderman, Avraham and {others}},
    number = {6443},
    pages = {859--865},
    volume = {364},
    publisher = {American Association for the Advancement of Science}
}

@article{espeholt2018impala,
    title = {{Impala: Scalable distributed deep-rl with importance weighted actor-learner architectures}},
    year = {2018},
    journal = {arXiv preprint arXiv:1802.01561},
    author = {Espeholt, Lasse and Soyer, Hubert and Munos, Remi and Simonyan, Karen and Mnih, Volodymir and Ward, Tom and Doron, Yotam and Firoiu, Vlad and Harley, Tim and Dunning, Iain and {others}}
}

@book{molnar2019,
    title = {{Interpretable Machine Learning}},
    year = {2019},
    author = {Molnar, Christoph}
}

@misc{google_ai_blog_2019,
    title = {{Introducing Google Research Football: A Novel Reinforcement Learning Environment}},
    year = {2019},
    booktitle = {Google AI Blog},
    url = {https://ai.googleblog.com/2019/06/introducing-google-research-football.html}
}

@article{galway2008machine,
    title = {{Machine learning in digital games: a survey}},
    year = {2008},
    journal = {Artificial Intelligence Review},
    author = {Galway, Leo and Charles, Darryl and Black, Michaela},
    number = {2},
    pages = {123--161},
    volume = {29},
    publisher = {Springer}
}

@article{silver2016mastering,
    title = {{Mastering the game of Go with deep neural networks and tree search}},
    year = {2016},
    journal = {nature},
    author = {Silver, David and Huang, Aja and Maddison, Chris J and Guez, Arthur and Sifre, Laurent and Van Den Driessche, George and Schrittwieser, Julian and Antonoglou, Ioannis and Panneershelvam, Veda and Lanctot, Marc and {others}},
    number = {7587},
    pages = {484},
    volume = {529},
    publisher = {Nature Publishing Group}
}

@article{silver2017mastering,
    title = {{Mastering the game of go without human knowledge}},
    year = {2017},
    journal = {Nature},
    author = {Silver, David and Schrittwieser, Julian and Simonyan, Karen and Antonoglou, Ioannis and Huang, Aja and Guez, Arthur and Hubert, Thomas and Baker, Lucas and Lai, Matthew and Bolton, Adrian and {others}},
    number = {7676},
    pages = {354},
    volume = {550},
    publisher = {Nature Publishing Group}
}

@book{moravec1988mind,
    title = {{Mind children: The future of robot and human intelligence}},
    year = {1988},
    author = {Moravec, Hans},
    publisher = {Harvard University Press}
}

@article{seethapathi2019movement,
    title = {{Movement science needs different pose tracking algorithms}},
    year = {2019},
    journal = {arXiv preprint arXiv:1907.10226},
    author = {Seethapathi, Nidhi and Wang, Shaofei and Saluja, Rachit and Blohm, Gunnar and Kording, Konrad P}
}

@inproceedings{ten2007multi,
    title = {{Multi-dimensional dynamic time warping for gesture recognition}}
}

@inproceedings{goldberger2005neighbourhood,
    title = {{Neighbourhood components analysis}},
    year = {2005},
    booktitle = {Advances in neural information processing systems},
    author = {Goldberger, Jacob and Hinton, Geoffrey E and Roweis, Sam T and Salakhutdinov, Ruslan R},
    pages = {513--520}
}

@article{makris2014neural,
    title = {{Neural underpinnings of superior action prediction abilities in soccer players}},
    year = {2014},
    journal = {Social cognitive and affective neuroscience},
    author = {Makris, Stergios and Urgesi, Cosimo},
    number = {3},
    pages = {342--351},
    volume = {10},
    publisher = {Oxford University Press}
}

@inproceedings{shahroudy2016ntu,
    title = {{Ntu rgb+ d: A large scale dataset for 3d human activity analysis}},
    year = {2016},
    booktitle = {Proceedings of the IEEE conference on computer vision and pattern recognition},
    author = {Shahroudy, Amir and Liu, Jun and Ng, Tian-Tsong and Wang, Gang},
    pages = {1010--1019}
}

@inproceedings{aytar2018playing,
    title = {{Playing hard exploration games by watching youtube}},
    year = {2018},
    booktitle = {Advances in Neural Information Processing Systems},
    author = {Aytar, Yusuf and Pfaff, Tobias and Budden, David and Paine, Thomas and Wang, Ziyu and de Freitas, Nando},
    pages = {2930--2941}
}

@inproceedings{vinyals2015pointer,
    title = {{Pointer networks}},
    year = {2015},
    booktitle = {Advances in Neural Information Processing Systems},
    author = {Vinyals, Oriol and Fortunato, Meire and Jaitly, Navdeep},
    pages = {2692--2700}
}

@article{rusu2015policy,
    title = {{Policy distillation}},
    year = {2015},
    journal = {arXiv preprint arXiv:1511.06295},
    author = {Rusu, Andrei A and Colmenarejo, Sergio Gomez and Gulcehre, Caglar and Desjardins, Guillaume and Kirkpatrick, James and Pascanu, Razvan and Mnih, Volodymyr and Kavukcuoglu, Koray and Hadsell, Raia}
}

@article{jones2004possession,
    title = {{Possession as a performance indicator in soccer.}},
    year = {2004},
    journal = {International Journal of Performance Analysis in Sport},
    author = {Jones, P D and James, Nic and Mellalieu, Stephen D},
    number = {1},
    pages = {98--102},
    volume = {4},
    publisher = {Taylor {\&} Francis}
}

@inproceedings{lee2016predicting,
    title = {{Predicting wide receiver trajectories in American football}},
    year = {2016},
    booktitle = {2016 IEEE Winter Conference on Applications of Computer Vision (WACV)},
    author = {Lee, Namhoon and Kitani, Kris M},
    pages = {1--9},
    organization = {IEEE}
}

@misc{vinyals_silver_2019,
    title = {{r/MachineLearning - We are Oriol Vinyals and David Silver from DeepMind's AlphaStar team, joined by StarCraft II pro players TLO and MaNa! Ask us anything}},
    year = {2019},
    booktitle = {reddit},
    author = {Vinyals, Oriol and Silver, David},
    url = {https://www.reddit.com/r/MachineLearning/comments/ajgzoc/we_are_oriol_vinyals_and_david_silver_from/}
}

@article{suryanto2016randomized,
    title = {{Randomized time warping for motion recognition}},
    year = {2016},
    journal = {Image and Vision Computing},
    author = {Suryanto, Chendra Hadi and Xue, Jing-Hao and Fukui, Kazuhiro},
    pages = {1--11},
    volume = {54},
    publisher = {Elsevier}
}

@inproceedings{balduzzi2018re,
    title = {{Re-evaluating evaluation}},
    year = {2018},
    booktitle = {Advances in Neural Information Processing Systems},
    author = {Balduzzi, David and Tuyls, Karl and Perolat, Julien and Graepel, Thore},
    pages = {3268--3279}
}

@article{oh2018self,
    title = {{Self-imitation learning}},
    year = {2018},
    journal = {arXiv preprint arXiv:1806.05635},
    author = {Oh, Junhyuk and Guo, Yijie and Singh, Satinder and Lee, Honglak}
}

@article{lin1992self,
    title = {{Self-improving reactive agents based on reinforcement learning, planning and teaching}},
    year = {1992},
    journal = {Machine learning},
    author = {Lin, Long-Ji},
    number = {3-4},
    pages = {293--321},
    volume = {8},
    publisher = {Springer}
}

@inproceedings{sutskever2014sequence,
    title = {{Sequence to sequence learning with neural networks}},
    year = {2014},
    booktitle = {Advances in neural information processing systems},
    author = {Sutskever, Ilya and Vinyals, Oriol and Le, Quoc V},
    pages = {3104--3112}
}

@article{2018-TOG-SFV,
    title = {{SFV: Reinforcement Learning of Physical Skills from Videos}},
    year = {2018},
    journal = {ACM Trans. Graph.},
    author = {Peng, Xue Bin and Kanazawa, Angjoo and Malik, Jitendra and Abbeel, Pieter and Levine, Sergey},
    number = {6},
    volume = {37},
    publisher = {ACM},
    address = {New York, NY, USA},
    keywords = {computer vision, motion reconstruction, physics-based character animation, reinforcement learning, video imitation}
}

@inproceedings{itsuki1995soccer,
    title = {{Soccer server: a simulator for RoboCup}},
    year = {1995},
    booktitle = {JSAI AI-Symposium 95: Special Session on RoboCup},
    author = {Itsuki, Noda},
    organization = {Citeseer}
}

@inproceedings{yan2018spatial,
    title = {{Spatial temporal graph convolutional networks for skeleton-based action recognition}},
    year = {2018},
    booktitle = {Thirty-Second AAAI Conference on Artificial Intelligence},
    author = {Yan, Sijie and Xiong, Yuanjun and Lin, Dahua}
}

@article{vinyals2017starcraft,
    title = {{Starcraft ii: A new challenge for reinforcement learning}},
    year = {2017},
    journal = {arXiv preprint arXiv:1708.04782},
    author = {Vinyals, Oriol and Ewalds, Timo and Bartunov, Sergey and Georgiev, Petko and Vezhnevets, Alexander Sasha and Yeo, Michelle and Makhzani, Alireza and K{\"{u}}ttler, Heinrich and Agapiou, John and Schrittwieser, Julian and {others}}
}

@article{tesauro1995temporal,
    title = {{Temporal difference learning and TD-Gammon}},
    year = {1995},
    journal = {Communications of the ACM},
    author = {Tesauro, Gerald},
    number = {3},
    pages = {58--68},
    volume = {38}
}

@article{schafer2015boss,
    title = {{The BOSS is concerned with time series classification in the presence of noise}},
    year = {2015},
    journal = {Data Mining and Knowledge Discovery},
    author = {Sch{\"{a}}fer, Patrick},
    number = {6},
    pages = {1505--1530},
    volume = {29},
    publisher = {Springer}
}

@article{bagnall2017great,
    title = {{The great time series classification bake off: a review and experimental evaluation of recent algorithmic advances}},
    year = {2017},
    journal = {Data Mining and Knowledge Discovery},
    author = {Bagnall, Anthony and Lines, Jason and Bostrom, Aaron and Large, James and Keogh, Eamonn},
    number = {3},
    pages = {606--660},
    volume = {31},
    publisher = {Springer}
}

@article{lines2015time,
    title = {{Time series classification with ensembles of elastic distance measures}},
    year = {2015},
    journal = {Data Mining and Knowledge Discovery},
    author = {Lines, Jason and Bagnall, Anthony},
    number = {3},
    pages = {565--592},
    volume = {29},
    publisher = {Springer}
}

@article{marteau2008time,
    title = {{Time warp edit distance with stiffness adjustment for time series matching}},
    year = {2008},
    journal = {IEEE Transactions on Pattern Analysis and Machine Intelligence},
    author = {Marteau, Pierre-François},
    number = {2},
    pages = {306--318},
    volume = {31},
    publisher = {IEEE}
}

@inproceedings{zheng2018unsupervised,
    title = {{Unsupervised Representation Learning with Long-Term Dynamics for Skeleton Based Action Recognition}},
    year = {2018},
    booktitle = {Thirty-Second AAAI Conference on Artificial Intelligence},
    author = {Zheng, Nenggan and Wen, Jun and Liu, Risheng and Long, Liangqu and Dai, Jianhua and Gong, Zhefeng}
}

@phdthesis{nistala2018using,
    title = {{Using deep learning to understand patterns of player movement in basketball}},
    year = {2018},
    author = {Nistala, Akhil},
    school = {Massachusetts Institute of Technology}
}

@inproceedings{fernandez2018wide,
    title = {{Wide Open Spaces: A statistical technique for measuring space creation in professional soccer}},
    author = {Fernandez, Javier and Barcelona, F and Bornn, Luke}
}

@article{Igarashi20113DSubspaces,
    title = {{3D object recognition based on canonical angles between shape subspaces}},
    year = {2011},
    journal = {Lecture Notes in Computer Science (including subseries Lecture Notes in Artificial Intelligence and Lecture Notes in Bioinformatics)},
    author = {Igarashi, Yosuke and Fukui, Kazuhiro},
    number = {PART 4},
    pages = {580--591},
    volume = {6495 LNCS},
    isbn = {9783642192814},
    doi = {10.1007/978-3-642-19282-1{\_}46},
    issn = {03029743}
}

@techreport{ZhuAData,
    title = {{A MANUSCRIPT TO BE SUBMITTED TO IEEE TRANSACTIONS ON NEURAL NETWORKS AND LEARNING SYSTEMS 1 A Novel Separating Hyperplane Classification Framework to Unify Nearest-class-model Methods for High-dimensional Data}},
    author = {Zhu, Rui and Wang, Ziyu and Sogi, Naoya and Fukui, Kazuhiro and Xue, Jing-Hao},
    keywords = {Index Terms-Classification, convex cone, convex hull, dual analysis, separating hyperplane, subspace}
}

@article{Alderson2015AFuture,
    title = {{A markerless motion capture technique for sport performance analysis and injury prevention: Toward a ‘big data’, machine learning future}},
    year = {2015},
    journal = {Journal of Science and Medicine in Sport},
    author = {Alderson, J.},
    month = {12},
    pages = {e79},
    volume = {19},
    publisher = {Elsevier BV},
    doi = {10.1016/j.jsams.2015.12.192},
    issn = {14402440}
}

@inproceedings{Sogi2018AFeatures,
    title = {{A Method Based on Convex Cone Model for Image-Set Classification with CNN Features}},
    year = {2018},
    booktitle = {Proceedings of the International Joint Conference on Neural Networks},
    author = {Sogi, Naoya and Nakayama, Taku and Fukui, Kazuhiro},
    month = {5},
    volume = {2018-July},
    url = {http://arxiv.org/abs/1805.12467},
    isbn = {9781509060146},
    doi = {10.1109/IJCNN.2018.8489151},
    arxivId = {1805.12467},
    keywords = {Convex cone representation, Image-set based method, Mutual convex cone method}
}

@article{Slama2015AccurateManifold,
    title = {{Accurate 3D action recognition using learning on the Grassmann manifold}},
    year = {2015},
    journal = {Pattern Recognition},
    author = {Slama, Rim and Wannous, Hazem and Daoudi, Mohamed and Srivastava, Anuj},
    number = {2},
    month = {2},
    pages = {556--567},
    volume = {48},
    publisher = {Elsevier Ltd},
    doi = {10.1016/j.patcog.2014.08.011},
    issn = {00313203},
    keywords = {Classification, Depth images, Grassmann manifold, Human action recognition, Observational latency, Skeleton}
}

@inproceedings{Sogi2018ActionModels,
    title = {{Action Recognition Method Based on Sets of Time Warped ARMA Models}},
    year = {2018},
    booktitle = {Proceedings - International Conference on Pattern Recognition},
    author = {Sogi, Naoya and Fukui, Kazuhiro},
    month = {11},
    pages = {1773--1778},
    volume = {2018-August},
    publisher = {Institute of Electrical and Electronics Engineers Inc.},
    isbn = {9781538637883},
    doi = {10.1109/ICPR.2018.8545259},
    issn = {10514651}
}

@inproceedings{Sogi2018ActionModelsb,
    title = {{Action Recognition Method Based on Sets of Time Warped ARMA Models}},
    year = {2018},
    booktitle = {Proceedings - International Conference on Pattern Recognition},
    author = {Sogi, Naoya and Fukui, Kazuhiro},
    month = {11},
    pages = {1773--1778},
    volume = {2018-Augus},
    publisher = {Institute of Electrical and Electronics Engineers Inc.},
    isbn = {9781538637883},
    doi = {10.1109/ICPR.2018.8545259},
    issn = {10514651}
}

@article{Fawcett2006AnAnalysis,
    title = {{An introduction to ROC analysis}},
    year = {2006},
    journal = {Pattern Recognition Letters},
    author = {Fawcett, Tom},
    doi = {10.1016/j.patrec.2005.10.010},
    issn = {01678655},
    keywords = {Classifier evaluation, Evaluation metrics, ROC analysis}
}

@article{Delahunt2006ChangesJump,
    title = {{Changes in lower limb kinematics, kinetics, and muscle activity in subjects with functional instability of the ankle joint during a single leg drop jump}},
    year = {2006},
    journal = {Journal of Orthopaedic Research},
    author = {Delahunt, Eamonn and Monaghan, Kenneth and Caulfield, Brian},
    number = {10},
    month = {10},
    pages = {1991--2000},
    volume = {24},
    doi = {10.1002/jor.20235},
    issn = {07360266},
    keywords = {Ankle instability, EMG, Kinematics, Kinetics}
}

@inproceedings{Souza2019ClassificationAnalysis,
    title = {{Classification of Bioacoustic Signals with Tangent Singular Spectrum Analysis}},
    year = {2019},
    booktitle = {ICASSP, IEEE International Conference on Acoustics, Speech and Signal Processing - Proceedings},
    author = {Souza, Lincon S. and Gatto, Bernardo B. and Fukui, Kazuhiro},
    month = {5},
    pages = {351--355},
    volume = {2019-May},
    publisher = {Institute of Electrical and Electronics Engineers Inc.},
    isbn = {9781479981311},
    doi = {10.1109/ICASSP.2019.8682493},
    issn = {15206149},
    keywords = {Bioacoustic signals, Grassmann manifold, tangent singular spectrum analysis}
}

@article{Chawla2017ClassificationData,
    title = {{Classification of passes in football matches using spatiotemporal data}},
    year = {2017},
    journal = {ACM Transactions on Spatial Algorithms and Systems},
    author = {Chawla, Sanjay and Estephan, Joël and Gudmundsson, Joachim and Horton, Michael},
    number = {2},
    month = {7},
    volume = {3},
    publisher = {Association for Computing Machinery},
    doi = {10.1145/3105576},
    issn = {23740361},
    arxivId = {1407.5093},
    keywords = {Classification, Computational geometry, Feature engineering, Spatial algorithms, Supervised learning}
}

@article{Read2016ConsistencyPlayers,
    title = {{Consistency of Field-Based Measures of Neuromuscular Control Using Force-Plate Diagnostics in Elite Male Youth Soccer Players}},
    year = {2016},
    journal = {Journal of Strength and Conditioning Research},
    author = {Read, Paul J. and Oliver, Jon L. and Croix, Mark Ba De Ste and Myer, Gregory D. and Lloyd, Rhodri S.},
    number = {12},
    month = {12},
    pages = {3304--3311},
    volume = {30},
    publisher = {NSCA National Strength and Conditioning Association},
    doi = {10.1519/JSC.0000000000001438},
    issn = {15334295},
    keywords = {Key Words landing force, injury, screening}
}

@article{Knowles2007CostAthletes,
    title = {{Cost of injuries from a prospective cohort study of North Carolina high school athletes}},
    year = {2007},
    journal = {Injury Prevention},
    author = {Knowles, S. B. and Marshall, S. W. and Miller, T. and Spicer, R. and Bowling, J. M. and Loomis, D. and Millikan, R. W. and Yang, J. and Mueller, F. O.},
    number = {6},
    month = {12},
    pages = {416--421},
    volume = {13},
    doi = {10.1136/ip.2006.014720},
    issn = {13538047}
}

@techreport{KiranyazDSurvey,
    title = {{D Convolutional Neural Networks and Applications-A Survey}},
    author = {Kiranyaz, Serkan and Avci, Onur and Abdeljaber, Osama and Ince, Turker and Gabbouj, Moncef and Inman, Daniel J},
    keywords = {Arrhythmia Detection and Identification, Artificial Neural Networks, Condition Monitoring, Convolutional Neural Networks, Deep Learning, Fault Detection 2, Machine Learning, Structural Health Monitoring}
}

@article{WIKSTROM2005DetectionInstability,
    title = {{Detection of Dynamic Stability Deficits in Subjects with Functional Ankle Instability}},
    year = {2005},
    journal = {Medicine {\&} Science in Sports {\&} Exercise},
    author = {WIKSTROM, ERIK A. and TILLMAN, MARK D. and BORSA, PAUL A.},
    number = {2},
    month = {2},
    pages = {169--175},
    volume = {37},
    url = {https://insights.ovid.com/crossref?an=00005768-200502000-00001},
    doi = {10.1249/01.MSS.0000149887.84238.6C},
    issn = {0195-9131}
}

@article{Fukui2019DiscriminantSubspace,
    title = {{Discriminant analysis based on projection onto generalized difference subspace}},
    year = {2019},
    author = {Fukui, Kazuhiro and Sogi, Naoya and Kobayashi, Takumi and Xue, Jing-Hao and Maki, Atsuto},
    month = {10},
    url = {http://arxiv.org/abs/1910.13113},
    arxivId = {1910.13113}
}

@article{Hinton2015DistillingNetwork,
    title = {{Distilling the Knowledge in a Neural Network}},
    year = {2015},
    author = {Hinton, Geoffrey and Vinyals, Oriol and Dean, Jeff},
    month = {3},
    url = {http://arxiv.org/abs/1503.02531},
    arxivId = {1503.02531}
}

@book{Chatelin2012EigenvaluesEdition,
    title = {{Eigenvalues of Matrices: Revised Edition}},
    year = {2012},
    author = {Chatelin, F},
    url = {https://epubs.siam.org/doi/pdf/10.1137/1.9781611972467.bm}
}

@inproceedings{Albanie2018EmotionWild,
    title = {{Emotion recognition in speech using cross-modal transfer in the wild}},
    year = {2018},
    booktitle = {MM 2018 - Proceedings of the 2018 ACM Multimedia Conference},
    author = {Albanie, Samuel and Nagrani, Arsha and Vedaldi, Andrea and Zisserman, Andrew},
    month = {10},
    pages = {292--301},
    publisher = {Association for Computing Machinery, Inc},
    isbn = {9781450356657},
    doi = {10.1145/3240508.3240578},
    arxivId = {1808.05561},
    keywords = {Cross-modal transfer, Speech emotion recognition}
}

@article{Souza2020EnhancedRecognition,
    title = {{Enhanced Grassmann discriminant analysis with randomized time warping for motion recognition}},
    year = {2020},
    journal = {Pattern Recognition},
    author = {Souza, Lincon S. and Gatto, Bernardo B. and Xue, Jing Hao and Fukui, Kazuhiro},
    month = {1},
    volume = {97},
    publisher = {Elsevier Ltd},
    doi = {10.1016/j.patcog.2019.107028},
    issn = {00313203},
    keywords = {Enhanced GDA, Motion recognition, Randomized time warping}
}

@article{WATANABE1967EvaluationRecognition,
    title = {{Evaluation and Selection of Variables in Pattern Recognition}},
    year = {1967},
    journal = {Computer and Information Science II},
    author = {{WATANABE} and {S}},
    pages = {91--122},
    publisher = {Academic Press}
}

@techreport{KimExamplesInterpretability,
    title = {{Examples are not Enough, Learn to Criticize! Criticism for Interpretability}},
    author = {Kim, Been and Khanna, Rajiv and Koyejo, Oluwasanmi}
}

@misc{Miller2019ExplanationSciences,
    title = {{Explanation in artificial intelligence: Insights from the social sciences}},
    year = {2019},
    booktitle = {Artificial Intelligence},
    author = {Miller, Tim},
    month = {2},
    pages = {1--38},
    volume = {267},
    publisher = {Elsevier B.V.},
    doi = {10.1016/j.artint.2018.07.007},
    issn = {00043702},
    arxivId = {1706.07269},
    keywords = {Explainability, Explainable AI, Explanation, Interpretability, Transparency}
}

@article{Earp2019FaceLandmarks,
    title = {{Face Detection with Feature Pyramids and Landmarks}},
    year = {2019},
    author = {Earp, Samuel W. F. and Noinongyao, Pavit and Cairns, Justin A. and Ganguly, Ankush},
    month = {12},
    url = {http://arxiv.org/abs/1912.00596},
    arxivId = {1912.00596}
}

@techreport{Sakai2019GaitFeatures,
    title = {{Gait Recognition Based on Constrained Mutual Subspace Method with CNN Features}},
    year = {2019},
    author = {Sakai, Akinari and Sogi, Naoya and Fukui, Kazuhiro}
}

@inproceedings{Hamm2008GrassmannLearning,
    title = {{Grassmann discriminant analysis: A unifying view on subspace-based learning}},
    year = {2008},
    booktitle = {Proceedings of the 25th International Conference on Machine Learning},
    author = {Hamm, Jihun and Lee, Daniel D},
    pages = {376--383},
    url = {http://repository.upenn.edu/ese_papersURL:http://icml2008.cs.helsinki.fi/index.shtmlURL:http://icml2008.cs.helsinki.fi/index.shtmlThisconferencepaperisavailableatScholarlyCommons:http://repository.upenn.edu/ese_papers/465},
    isbn = {9781605582054}
}

@article{Fransz2014HowTask,
    title = {{How does postural stability following a single leg drop jump landing task relate to postural stability during a single leg stance balance task?}},
    year = {2014},
    journal = {Journal of Biomechanics},
    author = {Fransz, Duncan P. and Huurnink, Arnold and Kingma, Idsart and van Die{\"{e}}n, Jaap H.},
    number = {12},
    month = {9},
    pages = {3248--3253},
    volume = {47},
    publisher = {Elsevier Ltd},
    doi = {10.1016/j.jbiomech.2014.06.019},
    issn = {18732380},
    keywords = {Center of pressure, Dynamic test, Force platform, Ground reaction forces, Postural control}
}

@book{Molnar2019InterpretableLearning,
    title = {{Interpretable machine learning}},
    year = {2019},
    author = {Molnar, C},
    url = {https://books.google.com/books?hl=en&lr=&id=jBm3DwAAQBAJ&oi=fnd&pg=PP1&ots=EfyU0rBGTZ&sig=wJkQ9IwtsOtr8kA_fDyb44uqupo}
}

@article{Wagner2010KinematicPositions,
    title = {{Kinematic comparison of team handball throwing with two different arm positions}},
    year = {2010},
    journal = {International Journal of Sports Physiology and Performance},
    author = {Wagner, Herbert and Buchecker, Michael and Von Duvillard, Serge P. and M{\"{u}}ller, Erich},
    number = {4},
    pages = {469--483},
    volume = {5},
    publisher = {Human Kinetics Publishers Inc.},
    doi = {10.1123/ijspp.5.4.469},
    issn = {15550265},
    pmid = {21266732},
    keywords = {Angles, Angular velocities, Ball release speed, Biomechanics, Throwing accuracy, Throwing performance}
}

@article{Sheets2011KinematicsMethod,
    title = {{Kinematics differences between the flat, kick, and slice serves measured using a markerless motion capture method}},
    year = {2011},
    journal = {Annals of Biomedical Engineering},
    author = {Sheets, Alison L. and Abrams, Geoffrey D. and Corazza, Stefano and Safran, Marc R. and Andriacchi, Thomas P.},
    number = {12},
    month = {12},
    pages = {3011--3020},
    volume = {39},
    doi = {10.1007/s10439-011-0418-y},
    issn = {00906964},
    keywords = {Injuries, Kinematics, Markerless motion capture, Model-based tracking, Serve, Tennis}
}

@article{Sirinukunwattana2016LocalityImages,
    title = {{Locality Sensitive Deep Learning for Detection and Classification of Nuclei in Routine Colon Cancer Histology Images}},
    year = {2016},
    journal = {IEEE Transactions on Medical Imaging},
    author = {Sirinukunwattana, Korsuk and Raza, Shan E.Ahmed and Tsang, Yee Wah and Snead, David R.J. and Cree, Ian A. and Rajpoot, Nasir M.},
    number = {5},
    month = {5},
    pages = {1196--1206},
    volume = {35},
    publisher = {Institute of Electrical and Electronics Engineers Inc.},
    doi = {10.1109/TMI.2016.2525803},
    issn = {1558254X},
    keywords = {Convolutional neural network, deep learning, histology image analysis, nucleus detection}
}

@inproceedings{Ciresan2013MitosisNetworks,
    title = {{Mitosis detection in breast cancer histology images with deep neural networks}},
    year = {2013},
    booktitle = {Lecture Notes in Computer Science (including subseries Lecture Notes in Artificial Intelligence and Lecture Notes in Bioinformatics)},
    author = {Cire{\c{s}}an, Dan C. and Giusti, Alessandro and Gambardella, Luca M. and Schmidhuber, Jürgen},
    number = {PART 2},
    pages = {411--418},
    volume = {8150 LNCS},
    isbn = {9783642407628},
    doi = {10.1007/978-3-642-40763-5{\_}51},
    issn = {03029743},
    pmid = {24579167}
}

@techreport{GattoOrthogonalRecognition,
    title = {{Orthogonal Hankel Subspaces for Applications in Gesture Recognition}},
    author = {Gatto, Bernardo B and Dos Santos, Eulanda M and J{\'{u}}nior, Waldir S S}
}

@article{Li2016PowerLSTM,
    title = {{Power Data Classification: A Hybrid of a Novel Local Time Warping and LSTM}},
    year = {2016},
    author = {Li, Yuanlong and Hu, Han and Wen, Yonggang and Zhang, Jun},
    month = {8},
    url = {http://arxiv.org/abs/1608.04171},
    arxivId = {1608.04171}
}

@article{Myer2004RationaleAthletes,
    title = {{Rationale and clinical techniques for anterior cruciate ligament injury prevention among female athletes}},
    year = {2004},
    journal = {Journal of Athletic Training},
    author = {Myer, Gregory D. and Ford, Kevin R. and Hewett, Timothy E.},
    number = {4},
    month = {10},
    pages = {352--364},
    volume = {39},
    issn = {10626050},
    pmid = {15592608},
    keywords = {Dynamic knee valgus, Injury-prevention training, Knee injury, Neuromuscular imbalances, Neuromuscular training}
}

@article{Zhang2019RefineFace:Detection,
    title = {{RefineFace: Refinement Neural Network for High Performance Face Detection}},
    year = {2019},
    author = {Zhang, Shifeng and Chi, Cheng and Lei, Zhen and Li, Stan Z.},
    month = {9},
    url = {http://arxiv.org/abs/1909.04376},
    arxivId = {1909.04376}
}

@article{Stalbom2007ReliabilityReport,
    title = {{Reliability of kinematics and kinetics associated with Horizontal Single leg drop jump assessment. A brief report}},
    year = {2007},
    journal = {Journal of Sports Science and Medicine},
    author = {St{\aa}lbom, Markus and Holm, David Jonsson and Cronin, John B. and Keogh, Justin W.L.},
    number = {2},
    month = {6},
    pages = {261--264},
    volume = {6},
    issn = {13032968},
    pmid = {24149338},
    keywords = {Assessment, Ground reaction force, Impulse}
}

@article{Deng2019RetinaFace:Wild,
    title = {{RetinaFace: Single-stage Dense Face Localisation in the Wild}},
    year = {2019},
    author = {Deng, Jiankang and Guo, Jia and Zhou, Yuxiang and Yu, Jinke and Kotsia, Irene and Zafeiriou, Stefanos},
    month = {5},
    url = {http://arxiv.org/abs/1905.00641},
    arxivId = {1905.00641}
}

@article{Aytar2017SeeRepresentations,
    title = {{See, Hear, and Read: Deep Aligned Representations}},
    year = {2017},
    author = {Aytar, Yusuf and Vondrick, Carl and Torralba, Antonio},
    month = {6},
    url = {http://arxiv.org/abs/1706.00932},
    arxivId = {1706.00932}
}

@article{Russell2006SexJump,
    title = {{Sex differences in valgus knee angle during a single-leg drop jump}},
    year = {2006},
    journal = {Journal of Athletic Training},
    author = {Russell, Kyla A. and Palmieri, Riann M. and Zinder, Steven M. and Ingersoll, Christopher D.},
    number = {2},
    month = {4},
    pages = {166--171},
    volume = {41},
    issn = {10626050},
    pmid = {16791301},
    keywords = {Anterior cruciate ligament, Biomechanics, Electromyography, Kinematics, Landing}
}

@article{Russell2006SexJumpb,
    title = {{Sex differences in valgus knee angle during a single-leg drop jump}},
    year = {2006},
    journal = {Journal of Athletic Training},
    author = {Russell, Kyla A. and Palmieri, Riann M. and Zinder, Steven M. and Ingersoll, Christopher D.},
    number = {2},
    month = {4},
    pages = {166--171},
    volume = {41},
    issn = {10626050},
    pmid = {16791301},
    keywords = {Anterior cruciate ligament, Biomechanics, Electromyography, Kinematics, Landing}
}

@inproceedings{Wojke2018SimpleMetric,
    title = {{Simple online and realtime tracking with a deep association metric}},
    year = {2018},
    booktitle = {Proceedings - International Conference on Image Processing, ICIP},
    author = {Wojke, Nicolai and Bewley, Alex and Paulus, Dietrich},
    month = {2},
    pages = {3645--3649},
    volume = {2017-September},
    publisher = {IEEE Computer Society},
    isbn = {9781509021758},
    doi = {10.1109/ICIP.2017.8296962},
    issn = {15224880},
    arxivId = {1703.07402},
    keywords = {Computer Vision, Data Association, Multiple Object Tracking}
}

@techreport{FukuiSubspaceMethods,
    title = {{Subspace Methods}},
    author = {Fukui, Kazuhiro}
}

@article{Hargrave2003SubtalarLanding,
    title = {{Subtalar pronation does not influence impact forces or rate of loading during a single-leg landing}},
    year = {2003},
    journal = {Journal of Athletic Training},
    author = {Hargrave, Melissa D. and Carcia, Christopher R. and Gansneder, Bruce M. and Shultz, Sandra J.},
    number = {1},
    month = {1},
    pages = {18--23},
    volume = {38},
    issn = {10626050},
    pmid = {12937467},
    keywords = {Drop jump, Force absorption, Landing style, Subtalar motion}
}

@article{Huurnink2019TheStudy,
    title = {{The assessment of single-leg drop jump landing performance by means of ground reaction forces: A methodological study}},
    year = {2019},
    journal = {Gait and Posture},
    author = {Huurnink, Arnold and Fransz, Duncan P. and Kingma, Idsart and de Boode, Vosse A. and Die{\"{e}}n, Jaap H.van},
    month = {9},
    pages = {80--85},
    volume = {73},
    publisher = {Elsevier B.V.},
    doi = {10.1016/j.gaitpost.2019.06.015},
    issn = {18792219},
    keywords = {Balance, Drop jump landing, Dynamic testing, Parameters, Postural stability}
}

@techreport{LiptonTheInterpretability,
    title = {{The Mythos of Model Interpretability}},
    author = {Lipton, Zachary C},
    arxivId = {1606.03490v3}
}

@inproceedings{Iijima1973THEORYMETHOD.,
    title = {{THEORY OF CHARACTER RECOGNITION BY PATTERN MATCHING METHOD.}},
    year = {1973},
    author = {Iijima, Taizo and Genchi, Hiroshi and Mori, Kenichi},
    pages = {50--56},
    doi = {10.1007/978-1-4684-2106-4{\_}22}
}

@article{FukuiThree-dimensionalManifold,
    title = {{Three-dimensional Object Recognition via Subspace Representation on a Grassmann Manifold}},
    author = {Fukui, Kazuhiro}
}

@inproceedings{Yataka2017Three-dimensionalManifold,
    title = {{Three-dimensional object recognition via subspace representation on a grassmann manifold}},
    year = {2017},
    booktitle = {ICPRAM 2017 - Proceedings of the 6th International Conference on Pattern Recognition Applications and Methods},
    author = {Yataka, Ryoma and Fukui, Kazuhiro},
    pages = {208--216},
    volume = {2017-Janua},
    publisher = {SCITEPRESS - Science and Technology Publications},
    url = {http://www.scitepress.org/DigitalLibrary/Link.aspx?doi=10.5220/0006204702080216},
    isbn = {9789897582226},
    doi = {10.5220/0006204702080216},
    keywords = {Canonical angles, Grassmann manifold, Mutual subspace method, Subspace representation, Three-dimensional object recognition}
}

@article{Fransz2015TimeValues,
    title = {{Time to stabilization in single leg drop jump landings: An examination of calculation methods and assessment of differences in sample rate, filter settings and trial length on outcome values}},
    year = {2015},
    journal = {Gait and Posture},
    author = {Fransz, Duncan P. and Huurnink, Arnold and De Boode, Vosse A. and Kingma, Idsart and Van Die{\"{e}}n, Jaap H.},
    number = {1},
    pages = {63--69},
    volume = {41},
    publisher = {Elsevier},
    doi = {10.1016/j.gaitpost.2014.08.018},
    issn = {18792219},
    keywords = {Dynamic test, Force plate, Force platform, Ground reaction forces, Postural control}
}

@article{Bednarski2018UseDiagnosis,
    title = {{Use of motion capture in assisted of knee ligament injury diagnosis}},
    year = {2018},
    journal = {Journal of Applied Computer Science},
    author = {Bednarski, Radosław and Bielak, Adrianna},
    month = {1},
    pages = {7},
    volume = {26},
    issn = {1507-0360},
    keywords = {diagnostics, diagnostyka, knee injury, knee joint, kontuzja kolana, motion capture, przechwytywanie ruchu, staw kolanowy}
}

@inproceedings{Nagraniy2017VoxCeleb:Dataset,
    title = {{VoxCeleb: A large-scale speaker identification dataset}},
    year = {2017},
    booktitle = {Proceedings of the Annual Conference of the International Speech Communication Association, INTERSPEECH},
    author = {Nagraniy, Arsha and Chungy, Joon Son and Zisserman, Andrew},
    month = {6},
    pages = {2616--2620},
    volume = {2017-Augus},
    url = {http://arxiv.org/abs/1706.08612},
    doi = {10.21437/Interspeech.2017-950},
    issn = {19909772},
    arxivId = {1706.08612},
    keywords = {Convolutional neural network, Dataset, Large-scale, Speaker identification, Speaker verification}
}